%this guy do RSVP
@inproceedings{lin2018novel,
  title={A novel P300 BCI speller based on the Triple RSVP paradigm},
  author={Lin, Zhimin and Zhang, Chi and Zeng, Ying and Tong, Li and Yan, Bin},
  journal={Scientific reports},
  volume={8},
  number={1},
  pages={1--9},
  year={2018},
  publisher={Nature Publishing Group}
}

%this guy combined RSVP + SSVEP!!!
@inproceedings{jalilpour2020novel,
  title={A novel hybrid BCI speller based on RSVP and SSVEP paradigm},
  author={Jalilpour, Shayan and Sardouie, Sepideh Hajipour and Mijani, Amirmohammad},
  journal={Computer methods and programs in biomedicine},
  volume={187},
  pages={105326},
  year={2020},
  publisher={Elsevier}
}




%literature_Review

@inproceedings{ang2008filter,
  title={Filter bank common spatial pattern (FBCSP) in brain-computer interface},
  author={Ang, Kai Keng and Chin, Zheng Yang and Zhang, Haihong and Guan, Cuntai},
  booktitle={2008 IEEE international joint conference on neural networks (IEEE world congress on computational intelligence)},
  pages={2390--2397},
  year={2008},
  organization={IEEE}
}

@inproceedings{yang2015use,
  title={On the use of convolutional neural networks and augmented CSP features for multi-class motor imagery of EEG signals classification},
  author={Yang, Huijuan and Sakhavi, Siavash and Ang, Kai Keng and Guan, Cuntai},
  booktitle={2015 37th Annual International Conference of the IEEE Engineering in Medicine and Biology Society (EMBC)},
  pages={2620--2623},
  year={2015},
  organization={IEEE}
}

@inproceedings{schalk2004bci2000,
  title={BCI2000: a general-purpose brain-computer interface (BCI) system},
  author={Schalk, Gerwin and McFarland, Dennis J and Hinterberger, Thilo and Birbaumer, Niels and Wolpaw, Jonathan R},
  journal={IEEE Transactions on biomedical engineering},
  volume={51},
  number={6},
  pages={1034--1043},
  year={2004},
  publisher={IEEE}
}

@inproceedings{zhang2017enhancing,
  title={Enhancing Mind Controlled Smart Living Through Recurrent Neural Networks.},
  author={Zhang, Xiang and Yao, Lina and Huang, Chaoran and Sheng, Quan Z and Wang, Xianzhi},
  year={2017}
}

@inproceedings{an2016hand,
  title={Hand motion identification of grasp-and-lift task from electroencephalography recordings using recurrent neural networks},
  author={An, Jinwon and Cho, Sungzoon},
  booktitle={2016 International Conference on Big Data and Smart Computing (BigComp)},
  pages={427--429},
  year={2016},
  organization={IEEE}
}

@inproceedings{kumar2012analysis,
  title={Analysis of Electroencephalography (EEG) signals and its categorization--a study},
  author={Kumar, J Satheesh and Bhuvaneswari, P},
  journal={Procedia engineering},
  volume={38},
  pages={2525--2536},
  year={2012},
  publisher={Elsevier}
}

@article{lawhern2018eegnet,
  title={EEGNet: A Compact Convolutional Neural Network for EEG-Based Brain--Computer Interfaces},
  author={Lawhern, Vernon J and Solon, Amelia J and Waytowich, Nicholas R and Gordon, Stephen M and Hung, Chou P and Lance, Brent J},
  journal={Journal of Neural Engineering},
  volume={15},
  number={5},
  pages={056013},
  year={2018},
  publisher={IOP Publishing}
}

@inproceedings{popov2016classification,
  title={Classification of hand motions in EEG signals using recurrent neural networks},
  author={Popov, E and Fomenkov, S},
  booktitle={2016 2nd International Conference on Industrial Engineering, Applications and Manufacturing (ICIEAM)},
  pages={1--4},
  year={2016},
  organization={IEEE}
}

@inproceedings{zhang2020motor,
  title={Motor imagery classification via temporal attention cues of graph embedded EEG signals},
  author={Zhang, Dalin and Chen, Kaixuan and Jian, Debao and Yao, Lina},
  journal={IEEE journal of biomedical and health informatics},
  volume={24},
  number={9},
  pages={2570--2579},
  year={2020},
  publisher={IEEE}
}

@inproceedings{shorten2019survey,
  title={A survey on image data augmentation for deep learning},
  author={Shorten, Connor and Khoshgoftaar, Taghi M},
  journal={Journal of big data},
  volume={6},
  number={1},
  pages={1--48},
  year={2019},
  publisher={SpringerOpen}
}
%[10 -16]

@inproceedings{lecun1998gradient,
  title={Gradient-based learning applied to document recognition},
  author={LeCun, Yann and Bottou, L{\'e}on and Bengio, Yoshua and Haffner, Patrick},
  journal={Proceedings of the IEEE},
  volume={86},
  number={11},
  pages={2278--2324},
  year={1998},
  publisher={Ieee}
}

@inproceedings{simard2003best,
  title={Best practices for convolutional neural networks applied to visual document analysis.},
  author={Simard, Patrice Y and Steinkraus, David and Platt, John C and others},
  booktitle={Icdar},
  volume={3},
  number={2003},
  year={2003},
  organization={Edinburgh}
}

@inproceedings{hinton2006fast,
  title={A fast learning algorithm for deep belief nets},
  author={Hinton, Geoffrey E and Osindero, Simon and Teh, Yee-Whye},
  journal={Neural computation},
  volume={18},
  number={7},
  pages={1527--1554},
  year={2006},
  publisher={MIT Press One Rogers Street, Cambridge, MA 02142-1209, USA journals-info~â€¦}
}

@inproceedings{hinton2006reducing,
  title={Reducing the dimensionality of data with neural networks},
  author={Hinton, Geoffrey E and Salakhutdinov, Ruslan R},
  journal={science},
  volume={313},
  number={5786},
  pages={504--507},
  year={2006},
  publisher={American Association for the Advancement of Science}
}

@inproceedings{krizhevsky2017imagenet,
  title={Imagenet classification with deep convolutional neural networks},
  author={Krizhevsky, Alex and Sutskever, Ilya and Hinton, Geoffrey E},
  journal={Communications of the ACM},
  volume={60},
  number={6},
  pages={84--90},
  year={2017},
  publisher={AcM New York, NY, USA}
}

@inproceedings{jaitly2013vocal,
  title={Vocal tract length perturbation (VTLP) improves speech recognition},
  author={Jaitly, Navdeep and Hinton, Geoffrey E},
  booktitle={Proc. ICML Workshop on Deep Learning for Audio, Speech and Language},
  volume={117},
  pages={21},
  year={2013}
}

@inproceedings{dosovitskiy2014discriminative,
  title={Discriminative unsupervised feature learning with convolutional neural networks},
  author={Dosovitskiy, Alexey and Springenberg, Jost Tobias and Riedmiller, Martin and Brox, Thomas},
  journal={Advances in neural information processing systems},
  volume={27},
  year={2014}
}

%[17-20]
@inproceedings{antoniou2017data,
  title={Data augmentation generative adversarial networks},
  author={Antoniou, Antreas and Storkey, Amos and Edwards, Harrison},
  journal={arXiv preprint arXiv:1711.04340},
  year={2017}
}

@inproceedings{sandfort2019data,
  title={Data augmentation using generative adversarial networks (CycleGAN) to improve generalizability in CT segmentation tasks},
  author={Sandfort, Veit and Yan, Ke and Pickhardt, Perry J and Summers, Ronald M},
  journal={Scientific reports},
  volume={9},
  number={1},
  pages={1--9},
  year={2019},
  publisher={Nature Publishing Group}
}

@inproceedings{luo2020data,
  title={Data augmentation for enhancing EEG-based emotion recognition with deep generative models},
  author={Luo, Yun and Zhu, Li-Zhen and Wan, Zi-Yu and Lu, Bao-Liang},
  journal={Journal of Neural Engineering},
  volume={17},
  number={5},
  pages={056021},
  year={2020},
  publisher={IOP Publishing}
}

@inproceedings{zhang2018improving,
  title={Improving brain computer interface performance by data augmentation with conditional deep convolutional generative adversarial networks},
  author={Zhang, Qiqi and Liu, Ying},
  journal={arXiv preprint arXiv:1806.07108},
  year={2018}
}



@inproceedings{subha2010eeg,
  title={EEG signal analysis: a survey},
  author={Subha, D Puthankattil and Joseph, Paul K and Acharya U, Rajendra and Lim, Choo Min and others},
  journal={Journal of medical systems},
  volume={34},
  number={2},
  pages={195--212},
  year={2010},
  publisher={Springer}
}

@inproceedings{frantzidis2014functional,
  title={Functional disorganization of small-world brain networks in mild Alzheimer's Disease and amnestic Mild Cognitive Impairment: an EEG study using Relative Wavelet Entropy (RWE)},
  author={Frantzidis, Christos A and Vivas, Ana B and Tsolaki, Anthoula and Klados, Manousos A and Tsolaki, Magda and Bamidis, Panagiotis D},
  journal={Frontiers in aging neuroscience},
  volume={6},
  pages={224},
  year={2014},
  publisher={Frontiers Media SA}
}

@inproceedings{kang2009composite,
  title={Composite common spatial pattern for subject-to-subject transfer},
  author={Kang, Hyohyeong and Nam, Yunjun and Choi, Seungjin},
  journal={IEEE Signal Processing Letters},
  volume={16},
  number={8},
  pages={683--686},
  year={2009},
  publisher={IEEE}
}

@inproceedings{dose2018end,
  title={An end-to-end deep learning approach to MI-EEG signal classification for BCIs},
  author={Dose, Hauke and M{\o}ller, Jakob S and Iversen, Helle K and Puthusserypady, Sadasivan},
  journal={Expert Systems with Applications},
  volume={114},
  pages={532--542},
  year={2018},
  publisher={Elsevier}
}

@inproceedings{lin2017improving,
  title={Improving EEG-based emotion classification using conditional transfer learning},
  author={Lin, Yuan-Pin and Jung, Tzyy-Ping},
  journal={Frontiers in human neuroscience},
  volume={11},
  pages={334},
  year={2017},
  publisher={Frontiers Media SA}
}

@inproceedings{shaw1984correlation,
  title={Correlation and coherence analysis of the EEG: a selective tutorial review},
  author={Shaw, John C},
  journal={International journal of psychophysiology},
  volume={1},
  number={3},
  pages={255--266},
  year={1984},
  publisher={Elsevier}
}

@inproceedings{azab2020dynamic,
  title={Dynamic time warping-based transfer learning for improving common spatial patterns in brain--computer interface},
  author={Azab, Ahmed M and Ahmadi, Hamed and Mihaylova, Lyudmila and Arvaneh, Mahnaz},
  journal={Journal of neural engineering},
  volume={17},
  number={1},
  pages={016061},
  year={2020},
  publisher={IOP Publishing}
}

@inproceedings{phan2019deep,
  title={Deep transfer learning for single-channel automatic sleep staging with channel mismatch},
  author={Phan, Huy and Ch{\'e}n, Oliver Y and Koch, Philipp and Mertins, Alfred and De Vos, Maarten},
  booktitle={2019 27th European Signal Processing Conference (EUSIPCO)},
  pages={1--5},
  year={2019},
  organization={IEEE}
}

@inproceedings{lotte2018review,
  title={A review of classification algorithms for EEG-based brain--computer interfaces: a 10 year update},
  author={Lotte, Fabien and Bougrain, Laurent and Cichocki, Andrzej and Clerc, Maureen and Congedo, Marco and Rakotomamonjy, Alain and Yger, Florian},
  journal={Journal of neural engineering},
  volume={15},
  number={3},
  pages={031005},
  year={2018},
  publisher={IOP Publishing}
}
@inproceedings{wan2021review,
  title={A review on transfer learning in EEG signal analysis},
  author={Wan, Zitong and Yang, Rui and Huang, Mengjie and Zeng, Nianyin and Liu, Xiaohui},
  journal={Neurocomputing},
  volume={421},
  pages={1--14},
  year={2021},
  publisher={Elsevier}
}
% [22-24]

@inproceedings{dai2019domain,
  title={Domain transfer multiple kernel boosting for classification of EEG motor imagery signals},
  author={Dai, Mengxi and Wang, Shuai and Zheng, Dezhi and Na, Rui and Zhang, Shuailei},
  journal={IEEE Access},
  volume={7},
  pages={49951--49960},
  year={2019},
  publisher={IEEE}
}

@inproceedings{joadder2019performance,
  title={A performance based feature selection technique for subject independent MI based BCI},
  author={Joadder, Md A Mannan and Myszewski, Joshua J and Rahman, Mohammad H and Wang, Inga},
  journal={Health information science and systems},
  volume={7},
  number={1},
  pages={1--10},
  year={2019},
  publisher={Springer}
}

@inproceedings{li2019multisource,
  title={Multisource transfer learning for cross-subject EEG emotion recognition},
  author={Li, Jinpeng and Qiu, Shuang and Shen, Yuan-Yuan and Liu, Cheng-Lin and He, Huiguang},
  journal={IEEE transactions on cybernetics},
  volume={50},
  number={7},
  pages={3281--3293},
  year={2019},
  publisher={IEEE}
}


@inproceedings{ramadan2017brain,
  title={Brain computer interface: control signals review},
  author={Ramadan, Rabie A and Vasilakos, Athanasios V},
  journal={Neurocomputing},
  volume={223},
  pages={26--44},
  year={2017},
  publisher={Elsevier}
}


%[25-27]
@inproceedings{delisle2017adaptive,
  title={Adaptive spatial filter based on similarity indices to preserve the neural information on eeg signals during on-line processing},
  author={Delisle-Rodriguez, Denis and Villa-Parra, Ana Cecilia and Bastos-Filho, Teodiano and L{\'o}pez-Delis, Alberto and Frizera-Neto, Anselmo and Krishnan, Sridhar and Rocon, Eduardo},
  journal={Sensors},
  volume={17},
  number={12},
  pages={2725},
  year={2017},
  publisher={MDPI}
}

@inproceedings{hasan2019hybrid,
  title={A hybrid feature pool-based emotional stress state detection algorithm using EEG signals},
  author={Hasan, Md Junayed and Kim, Jong-Myon},
  journal={Brain sciences},
  volume={9},
  number={12},
  pages={376},
  year={2019},
  publisher={MDPI}
}

@inproceedings{abu2019co,
  title={Co-adaptive training improves efficacy of a multi-day EEG-based motor imagery BCI training},
  author={Abu-Rmileh, Amjad and Zakkay, Eyal and Shmuelof, Lior and Shriki, Oren},
  journal={Frontiers in Human Neuroscience},
  volume={13},
  pages={362},
  year={2019},
  publisher={Frontiers Media SA}
}


%[28-31]
@inproceedings{zhang2016lmd,
  title={LMD based features for the automatic seizure detection of EEG signals using SVM},
  author={Zhang, Tao and Chen, Wanzhong},
  journal={IEEE Transactions on Neural Systems and Rehabilitation Engineering},
  volume={25},
  number={8},
  pages={1100--1108},
  year={2016},
  publisher={IEEE}
}

@inproceedings{navarro2016riemannian,
  title={Riemannian geometry applied to detection of respiratory states from eeg signals: The basis for a brain--ventilator interface},
  author={Navarro-Sune, Xavier and Hudson, AL and Fallani, F De Vico and Martinerie, Jacques and Witon, Adrien and Pouget, Pierre and Raux, Mathieu and Similowski, Thomas and Chavez, Mario},
  journal={IEEE Transactions on Biomedical Engineering},
  volume={64},
  number={5},
  pages={1138--1148},
  year={2016},
  publisher={IEEE}
}

@inproceedings{dose2018end,
  title={An end-to-end deep learning approach to MI-EEG signal classification for BCIs},
  author={Dose, Hauke and M{\o}ller, Jakob S and Iversen, Helle K and Puthusserypady, Sadasivan},
  journal={Expert Systems with Applications},
  volume={114},
  pages={532--542},
  year={2018},
  publisher={Elsevier}
}

@inproceedings{dai2019eeg,
  title={EEG classification of motor imagery using a novel deep learning framework},
  author={Dai, Mengxi and Zheng, Dezhi and Na, Rui and Wang, Shuai and Zhang, Shuailei},
  journal={Sensors},
  volume={19},
  number={3},
  pages={551},
  year={2019},
  publisher={MDPI}
}


%[32-33]

@inproceedings{du2019experimental,
  title={Experimental Study on Neural Feedback in Embedded System Teaching Processing Based on ERP Signal Analysis.},
  author={Du, Danbing},
  journal={International Journal of Emerging Technologies in Learning},
  volume={14},
  number={12},
  year={2019}
}

@inproceedings{weiss2016survey,
  title={A survey of transfer learning},
  author={Weiss, Karl and Khoshgoftaar, Taghi M and Wang, DingDing},
  journal={Journal of Big data},
  volume={3},
  number={1},
  pages={1--40},
  year={2016},
  publisher={SpringerOpen}
}

@inproceedings{wu2019parallel,
  title={A parallel multiscale filter bank convolutional neural networks for motor imagery EEG classification},
  author={Wu, Hao and Niu, Yi and Li, Fu and Li, Yuchen and Fu, Boxun and Shi, Guangming and Dong, Minghao},
  journal={Frontiers in neuroscience},
  volume={13},
  pages={1275},
  year={2019},
  publisher={Frontiers Media SA}
}

@inproceedings{liu2017survey,
  title={A survey of deep neural network architectures and their applications},
  author={Liu, Weibo and Wang, Zidong and Liu, Xiaohui and Zeng, Nianyin and Liu, Yurong and Alsaadi, Fuad E},
  journal={Neurocomputing},
  volume={234},
  pages={11--26},
  year={2017},
  publisher={Elsevier}
}


@inproceedings{blankertz2007optimizing,
  title={Optimizing spatial filters for robust EEG single-trial analysis},
  author={Blankertz, Benjamin and Tomioka, Ryota and Lemm, Steven and Kawanabe, Motoaki and Muller, Klaus-Robert},
  journal={IEEE Signal processing magazine},
  volume={25},
  number={1},
  pages={41--56},
  year={2007},
  publisher={IEEE}
}

@inproceedings{nejedly2019intracerebral,
  title={Intracerebral EEG artifact identification using convolutional neural networks},
  author={Nejedly, Petr and Cimbalnik, Jan and Klimes, Petr and Plesinger, Filip and Halamek, Josef and Kremen, Vaclav and Viscor, Ivo and Brinkmann, Benjamin H and Pail, Martin and Brazdil, Milan and others},
  journal={Neuroinformatics},
  volume={17},
  number={2},
  pages={225--234},
  year={2019},
  publisher={Springer}
}

@inproceedings{daoud2019efficient,
  title={Efficient epileptic seizure prediction based on deep learning},
  author={Daoud, Hisham and Bayoumi, Magdy A},
  journal={IEEE transactions on biomedical circuits and systems},
  volume={13},
  number={5},
  pages={804--813},
  year={2019},
  publisher={IEEE}
}

@inproceedings{yosinski2014transferable,
  title={How transferable are features in deep neural networks?},
  author={Yosinski, Jason and Clune, Jeff and Bengio, Yoshua and Lipson, Hod},
  journal={Advances in neural information processing systems},
  volume={27},
  year={2014}
}

@inproceedings{raghu2020eeg,
  title={EEG based multi-class seizure type classification using convolutional neural network and transfer learning},
  author={Raghu, Shivarudhrappa and Sriraam, Natarajan and Temel, Yasin and Rao, Shyam Vasudeva and Kubben, Pieter L},
  journal={Neural Networks},
  volume={124},
  pages={202--212},
  year={2020},
  publisher={Elsevier}
}

@inproceedings{jin2017eeg,
  title={EEG-based emotion recognition using domain adaptation network},
  author={Jin, Yi-Ming and Luo, Yu-Dong and Zheng, Wei-Long and Lu, Bao-Liang},
  booktitle={2017 international conference on orange technologies (ICOT)},
  pages={222--225},
  year={2017},
  organization={IEEE}
}

@inproceedings{zhang2017eeg,
  title={EEG-based sleep quality evaluation with deep transfer learning},
  author={Zhang, Xing-Zan and Zheng, Wei-Long and Lu, Bao-Liang},
  booktitle={International Conference on Neural Information Processing},
  pages={543--552},
  year={2017},
  organization={Springer}
}


@inproceedings{tan2018deep,
  title={Deep transfer learning for EEG-based brain computer interface},
  author={Tan, Chuanqi and Sun, Fuchun and Zhang, Wenchang},
  booktitle={2018 IEEE international conference on acoustics, speech and signal processing (ICASSP)},
  pages={916--920},
  year={2018},
  organization={IEEE}
}

@inproceedings{xie2018generalized,
  title={Generalized hidden-mapping transductive transfer learning for recognition of epileptic electroencephalogram signals},
  author={Xie, Lixiao and Deng, Zhaohong and Xu, Peng and Choi, Kup-Sze and Wang, Shitong},
  journal={IEEE transactions on cybernetics},
  volume={49},
  number={6},
  pages={2200--2214},
  year={2018},
  publisher={IEEE}
}

@inproceedings{svanera2019transfer,
  title={Transfer learning of deep neural network representations for fMRI decoding},
  author={Svanera, Michele and Savardi, Mattia and Benini, Sergio and Signoroni, Alberto and Raz, Gal and Hendler, Talma and Muckli, Lars and Goebel, Rainer and Valente, Giancarlo},
  journal={Journal of Neuroscience Methods},
  volume={328},
  pages={108319},
  year={2019},
  publisher={Elsevier}
}

@inproceedings{zhang2019cross,
  title={Cross-subject EEG-based emotion recognition with deep domain confusion},
  author={Zhang, Weiwei and Wang, Fei and Jiang, Yang and Xu, Zongfeng and Wu, Shichao and Zhang, Yahui},
  booktitle={International conference on intelligent robotics and applications},
  pages={558--570},
  year={2019},
  organization={Springer}
}


@inproceedings{goodfellow2020generative,
  title={Generative adversarial networks},
  author={Goodfellow, Ian and Pouget-Abadie, Jean and Mirza, Mehdi and Xu, Bing and Warde-Farley, David and Ozair, Sherjil and Courville, Aaron and Bengio, Yoshua},
  journal={Communications of the ACM},
  volume={63},
  number={11},
  pages={139--144},
  year={2020},
  publisher={ACM New York, NY, USA}
}

@inproceedings{ma2019reducing,
  title={Reducing the subject variability of eeg signals with adversarial domain generalization},
  author={Ma, Bo-Qun and Li, He and Zheng, Wei-Long and Lu, Bao-Liang},
  booktitle={International Conference on Neural Information Processing},
  pages={30--42},
  year={2019},
  organization={Springer}
}

@inproceedings{ozdenizci2020learning,
  title={Learning invariant representations from EEG via adversarial inference},
  author={{\"O}zdenizci, Ozan and Wang, Ye and Koike-Akino, Toshiaki and Erdo{\u{g}}mu{\c{s}}, Deniz},
  journal={IEEE access},
  volume={8},
  pages={27074--27085},
  year={2020},
  publisher={IEEE}
}

@inproceedings{li2019domain,
  title={Domain adaptation for EEG emotion recognition based on latent representation similarity},
  author={Li, Jinpeng and Qiu, Shuang and Du, Changde and Wang, Yixin and He, Huiguang},
  journal={IEEE Transactions on Cognitive and Developmental Systems},
  volume={12},
  number={2},
  pages={344--353},
  year={2019},
  publisher={IEEE}
}

@inproceedings{ming2019subject,
  title={Subject adaptation network for EEG data analysis},
  author={Ming, Yurui and Ding, Weiping and Pelusi, Danilo and Wu, Dongrui and Wang, Yu-Kai and Prasad, Mukesh and Lin, Chin-Teng},
  journal={Applied Soft Computing},
  volume={84},
  pages={105689},
  year={2019},
  publisher={Elsevier}
}

@inproceedings{tang2020conditional,
  title={Conditional adversarial domain adaptation neural network for motor imagery EEG decoding},
  author={Tang, Xingliang and Zhang, Xianrui},
  journal={Entropy},
  volume={22},
  number={1},
  pages={96},
  year={2020},
  publisher={MDPI}
}


  %Physionet data
  @inproceedings{physiobank,
  title={PhysioBank, PhysioToolkit, and PhysioNet: components of a new research resource for complex physiologic signals},
  author={Goldberger, Ary L and Amaral, Luis AN and Glass, Leon and Hausdorff, Jeffrey M and Ivanov, Plamen Ch and Mark, Roger G and Mietus, Joseph E and Moody, George B and Peng, Chung-Kang and Stanley, H Eugene},
  journal={circulation},
  volume={101},
  number={23},
  pages={e215--e220},
  year={2000},
  publisher={Am Heart Assoc}
}

@inproceedings{bci2000,
  title={BCI2000: a general-purpose brain-computer interface (BCI) system},
  author={Schalk, Gerwin and McFarland, Dennis J and Hinterberger, Thilo and Birbaumer, Niels and Wolpaw, Jonathan R},
  journal={IEEE Transactions on biomedical engineering},
  volume={51},
  number={6},
  pages={1034--1043},
  year={2004},
  publisher={IEEE}
}


@inproceedings{GramfortEtAl2013a,
  title = {{{MEG}} and {{EEG}} Data Analysis with {{MNE}}-{{Python}}},
  author = {Gramfort, Alexandre and Luessi, Martin and Larson, Eric and Engemann, Denis A. and Strohmeier, Daniel and Brodbeck, Christian and Goj, Roman and Jas, Mainak and Brooks, Teon and Parkkonen, Lauri and H{\"a}m{\"a}l{\"a}inen, Matti S.},
  year = {2013},
  volume = {7},
  pages = {1--13},
  doi = {10.3389/fnins.2013.00267},
  journal = {Frontiers in Neuroscience},
  number = {267}
}

@inproceedings{pan2009survey,
  title={A survey on transfer learning},
  author={Pan, Sinno Jialin and Yang, Qiang},
  journal={IEEE Transactions on knowledge and data engineering},
  volume={22},
  number={10},
  pages={1345--1359},
  year={2009},
  publisher={IEEE}
}

@inproceedings{kang2014bayesian,
  title={Bayesian common spatial patterns for multi-subject EEG classification},
  author={Kang, Hyohyeong and Choi, Seungjin},
  journal={Neural Networks},
  volume={57},
  pages={39--50},
  year={2014},
  publisher={Elsevier}
}

@inproceedings{azab2019weighted,
  title={Weighted transfer learning for improving motor imagery-based brain--computer interface},
  author={Azab, Ahmed M and Mihaylova, Lyudmila and Ang, Kai Keng and Arvaneh, Mahnaz},
  journal={IEEE Transactions on Neural Systems and Rehabilitation Engineering},
  volume={27},
  number={7},
  pages={1352--1359},
  year={2019},
  publisher={IEEE}
}
@inproceedings{yildirim2018arrhythmia,
  title={Arrhythmia detection using deep convolutional neural network with long duration ECG signals},
  author={Y{\i}ld{\i}r{\i}m, {\"O}zal and P{\l}awiak, Pawe{\l} and Tan, Ru-San and Acharya, U Rajendra},
  journal={Computers in biology and medicine},
  volume={102},
  pages={411--420},
  year={2018},
  publisher={Elsevier}
}


@inproceedings{petrantonakis2009emotion,
  title={Emotion recognition from EEG using higher order crossings},
  author={Petrantonakis, Panagiotis C and Hadjileontiadis, Leontios J},
  journal={IEEE Transactions on information Technology in Biomedicine},
  volume={14},
  number={2},
  pages={186--197},
  year={2009},
  publisher={IEEE}
}
@inproceedings{kannathal2005entropies,
  title={Entropies for detection of epilepsy in EEG},
  author={Kannathal, N and Choo, Min Lim and Acharya, U Rajendra and Sadasivan, PK},
  journal={Computer methods and programs in biomedicine},
  volume={80},
  number={3},
  pages={187--194},
  year={2005},
  publisher={Elsevier}
}

@inproceedings{oh2019deep,
  title={Deep convolutional neural network model for automated diagnosis of schizophrenia using EEG signals},
  author={Oh, Shu Lih and Vicnesh, Jahmunah and Ciaccio, Edward J and Yuvaraj, Rajamanickam and Acharya, U Rajendra},
  journal={Applied Sciences},
  volume={9},
  number={14},
  pages={2870},
  year={2019},
  publisher={MDPI}
}

@inproceedings{frantzidis2014functional,
  title={Functional disorganization of small-world brain networks in mild Alzheimer's Disease and amnestic Mild Cognitive Impairment: an EEG study using Relative Wavelet Entropy (RWE)},
  author={Frantzidis, Christos A and Vivas, Ana B and Tsolaki, Anthoula and Klados, Manousos A and Tsolaki, Magda and Bamidis, Panagiotis D},
  journal={Frontiers in aging neuroscience},
  volume={6},
  pages={224},
  year={2014},
  publisher={Frontiers Media SA}
}

@inproceedings{kang2009composite,
  title={Composite common spatial pattern for subject-to-subject transfer},
  author={Kang, Hyohyeong and Nam, Yunjun and Choi, Seungjin},
  journal={IEEE Signal Processing Letters},
  volume={16},
  number={8},
  pages={683--686},
  year={2009},
  publisher={IEEE}
}

@inproceedings{gianotti2018theta,
  title={Theta resting EEG in TPJ/pSTS is associated with individual differences in the feeling of being looked at},
  author={Gianotti, Lorena RR and Lobmaier, Janek S and Calluso, Cinzia and Dahinden, Franziska M and Knoch, Daria},
  journal={Social cognitive and affective neuroscience},
  volume={13},
  number={2},
  pages={216--223},
  year={2018},
  publisher={Oxford University Press}
}

@inproceedings{croitoru2022diffusion,
  title={Diffusion models in vision: A survey},
  author={Croitoru, Florinel-Alin and Hondru, Vlad and Ionescu, Radu Tudor and Shah, Mubarak},
  journal={arXiv preprint arXiv:2209.04747},
  year={2022}
}
%diffusion


@inproceedings{lun2020simplified,
  title={A simplified CNN classification method for MI-EEG via the electrode pairs signals},
  author={Lun, Xiangmin and Yu, Zhenglin and Chen, Tao and Wang, Fang and Hou, Yimin},
  journal={Frontiers in Human Neuroscience},
  pages={338},
  year={2020},
  publisher={Frontiers}
}

@inproceedings{riyad2020incep,
  title={Incep-EEGNet: a convnet for motor imagery decoding},
  author={Riyad, Mouad and Khalil, Mohammed and Adib, Abdellah},
  booktitle={International Conference on Image and Signal Processing},
  pages={103--111},
  year={2020},
  organization={Springer}
}

@inproceedings{wu2019parallel,
  title={A parallel multiscale filter bank convolutional neural networks for motor imagery EEG classification},
  author={Wu, Hao and Niu, Yi and Li, Fu and Li, Yuchen and Fu, Boxun and Shi, Guangming and Dong, Minghao},
  journal={Frontiers in neuroscience},
  volume={13},
  pages={1275},
  year={2019},
  publisher={Frontiers}
}
@inproceedings{roots2020fusion,
  title={Fusion convolutional neural network for cross-subject EEG motor imagery classification},
  author={Roots, Karel and Muhammad, Yar and Muhammad, Naveed},
  journal={Computers},
  volume={9},
  number={3},
  pages={72},
  year={2020},
  publisher={Multidisciplinary Digital Publishing Institute}
  }
  
 @inproceedings{liu2020parallel,
  title={Parallel spatial--temporal self-attention CNN-based motor imagery classification for BCI},
  author={Liu, Xiuling and Shen, Yonglong and Liu, Jing and Yang, Jianli and Xiong, Peng and Lin, Feng},
  journal={Frontiers in neuroscience},
  pages={1157},
  year={2020},
  publisher={Frontiers}
}

@inproceedings{sakhavi2018learning,
  title={Learning temporal information for brain-computer interface using convolutional neural networks},
  author={Sakhavi, Siavash and Guan, Cuntai and Yan, Shuicheng},
  journal={IEEE transactions on neural networks and learning systems},
  volume={29},
  number={11},
  pages={5619--5629},
  year={2018},
  publisher={IEEE}
}

@article{li2019channel,
  title={A channel-projection mixed-scale convolutional neural network for motor imagery EEG decoding},
  author={Li, Yang and Zhang, Xian-Rui and Zhang, Bin and Lei, Meng-Ying and Cui, Wei-Gang and Guo, Yu-Zhu},
  journal={IEEE Transactions on Neural Systems and Rehabilitation Engineering},
  volume={27},
  number={6},
  pages={1170--1180},
  year={2019},
  publisher={IEEE}
}

@inproceedings{li2019densely,
  title={Densely feature fusion based on convolutional neural networks for motor imagery EEG classification},
  author={Li, Donglin and Wang, Jianhui and Xu, Jiacan and Fang, Xiaoke},
  journal={IEEE Access},
  volume={7},
  pages={132720--132730},
  year={2019},
  publisher={IEEE}
}
@inproceedings{zhang2019novel,
  title={A novel deep learning approach with data augmentation to classify motor imagery signals},
  author={Zhang, Zhiwen and Duan, Feng and Sole-Casals, Jordi and Dinares-Ferran, Josep and Cichocki, Andrzej and Yang, Zhenglu and Sun, Zhe},
  journal={IEEE Access},
  volume={7},
  pages={15945--15954},
  year={2019},
  publisher={IEEE}
}


@inproceedings{altaheri2021deep,
  title={Deep learning techniques for classification of electroencephalogram (EEG) motor imagery (MI) signals: a review},
  author={Altaheri, Hamdi and Muhammad, Ghulam and Alsulaiman, Mansour and Amin, Syed Umar and Altuwaijri, Ghadir Ali and Abdul, Wadood and Bencherif, Mohamed A and Faisal, Mohammed},
  journal={Neural Computing and Applications},
  pages={1--42},
  year={2021},
  publisher={Springer}
}

@inproceedings{padfield2019eeg,
  title={EEG-based brain-computer interfaces using motor-imagery: Techniques and challenges},
  author={Padfield, Natasha and Zabalza, Jaime and Zhao, Huimin and Masero, Valentin and Ren, Jinchang},
  journal={Sensors},
  volume={19},
  number={6},
  pages={1423},
  year={2019},
  publisher={Multidisciplinary Digital Publishing Institute}
}

@inproceedings{al2021deep,
  title={Deep learning for motor imagery EEG-based classification: A review},
  author={Al-Saegh, Ali and Dawwd, Shefa A and Abdul-Jabbar, Jassim M},
  journal={Biomedical Signal Processing and Control},
  volume={63},
  pages={102172},
  year={2021},
  publisher={Elsevier}
}


%model
@inproceedings{lin2020single,
  title={Single Shot Reversible GAN for BCG artifact removal in simultaneous EEG-fMRI},
  author={Lin, Guang and Zhang, Jianhai and Liu, Yuxi},
  journal={arXiv preprint arXiv:2011.01710},
  year={2020}
}

@inproceedings{zhu2019separated,
  title={Separated channel convolutional neural network to realize the training free motor imagery BCI systems},
  author={Zhu, Xuyang and Li, Peiyang and Li, Cunbo and Yao, Dezhong and Zhang, Rui and Xu, Peng},
  journal={Biomedical Signal Processing and Control},
  volume={49},
  pages={396--403},
  year={2019},
  publisher={Elsevier}
}

@inproceedings{mattioli20221d,
  title={A 1D CNN for high accuracy classification and transfer learning in motor imagery EEG-based brain-computer interface},
  author={Mattioli, F and Porcaro, C and Baldassarre, G},
  journal={Journal of Neural Engineering},
  volume={18},
  number={6},
  pages={066053},
  year={2022},
  publisher={IOP Publishing}
}

@inproceedings{wu2019parallel,
  title={A parallel multiscale filter bank convolutional neural networks for motor imagery EEG classification},
  author={Wu, Hao and Niu, Yi and Li, Fu and Li, Yuchen and Fu, Boxun and Shi, Guangming and Dong, Minghao},
  journal={Frontiers in neuroscience},
  volume={13},
  pages={1275},
  year={2019},
  publisher={Frontiers}
}
@inproceedings{roots2020fusion,
  title={Fusion convolutional neural network for cross-subject EEG motor imagery classification},
  author={Roots, Karel and Muhammad, Yar and Muhammad, Naveed},
  journal={Computers},
  volume={9},
  number={3},
  pages={72},
  year={2020},
  publisher={Multidisciplinary Digital Publishing Institute}
  }
  
 @inproceedings{liu2020parallel,
  title={Parallel spatial--temporal self-attention CNN-based motor imagery classification for BCI},
  author={Liu, Xiuling and Shen, Yonglong and Liu, Jing and Yang, Jianli and Xiong, Peng and Lin, Feng},
  journal={Frontiers in neuroscience},
  pages={1157},
  year={2020},
  publisher={Frontiers}
}

@inproceedings{sakhavi2018learning,
  title={Learning temporal information for brain-computer interface using convolutional neural networks},
  author={Sakhavi, Siavash and Guan, Cuntai and Yan, Shuicheng},
  journal={IEEE transactions on neural networks and learning systems},
  volume={29},
  number={11},
  pages={5619--5629},
  year={2018},
  publisher={IEEE}
}


@inproceedings{li2019densely,
  title={Densely feature fusion based on convolutional neural networks for motor imagery EEG classification},
  author={Li, Donglin and Wang, Jianhui and Xu, Jiacan and Fang, Xiaoke},
  journal={IEEE Access},
  volume={7},
  pages={132720--132730},
  year={2019},
  publisher={IEEE}
}
@inproceedings{zhang2019novel,
  title={A novel deep learning approach with data augmentation to classify motor imagery signals},
  author={Zhang, Zhiwen and Duan, Feng and Sole-Casals, Jordi and Dinares-Ferran, Josep and Cichocki, Andrzej and Yang, Zhenglu and Sun, Zhe},
  journal={IEEE Access},
  volume={7},
  pages={15945--15954},
  year={2019},
  publisher={IEEE}
}


%Online classification
@inproceedings{tayeb2019validating,
  title={Validating deep neural networks for online decoding of motor imagery movements from EEG signals},
  author={Tayeb, Zied and Fedjaev, Juri and Ghaboosi, Nejla and Richter, Christoph and Everding, Lukas and Qu, Xingwei and Wu, Yingyu and Cheng, Gordon and Conradt, J{\"o}rg},
  journal={Sensors},
  volume={19},
  number={1},
  pages={210},
  year={2019},
  publisher={Multidisciplinary Digital Publishing Institute}
}
@inproceedings{karacsony2019brain,
  title={Brain computer interface for neuro-rehabilitation with deep learning classification and virtual reality feedback},
  author={Kar{\'a}csony, Tam{\'a}s and Hansen, John Paulin and Iversen, Helle Klingenberg and Puthusserypady, Sadasivan},
  booktitle={Proceedings of the 10th Augmented Human International Conference 2019},
  pages={1--8},
  year={2019}
}
@inproceedings{benzy2020motor,
  title={Motor imagery hand movement direction decoding using brain computer interface to aid stroke recovery and rehabilitation},
  author={Benzy, VK and Vinod, AP and Subasree, R and Alladi, Suvarna and Raghavendra, K},
  journal={IEEE Transactions on Neural Systems and Rehabilitation Engineering},
  volume={28},
  number={12},
  pages={3051--3062},
  year={2020},
  publisher={IEEE}
}


  
  %Physionet data
  @inproceedings{physiobank,
  title={PhysioBank, PhysioToolkit, and PhysioNet: components of a new research resource for complex physiologic signals},
  author={Goldberger, Ary L and Amaral, Luis AN and Glass, Leon and Hausdorff, Jeffrey M and Ivanov, Plamen Ch and Mark, Roger G and Mietus, Joseph E and Moody, George B and Peng, Chung-Kang and Stanley, H Eugene},
  journal={circulation},
  volume={101},
  number={23},
  pages={e215--e220},
  year={2000},
  publisher={Am Heart Assoc}
}

@inproceedings{bci2000,
  title={BCI2000: a general-purpose brain-computer interface (BCI) system},
  author={Schalk, Gerwin and McFarland, Dennis J and Hinterberger, Thilo and Birbaumer, Niels and Wolpaw, Jonathan R},
  journal={IEEE Transactions on biomedical engineering},
  volume={51},
  number={6},
  pages={1034--1043},
  year={2004},
  publisher={IEEE}
}


@article{lashgari2020data,
  title={Data augmentation for deep-learning-based electroencephalography},
  author={Lashgari, Elnaz and Liang, Dehua and Maoz, Uri},
  journal={Journal of Neuroscience Methods},
  volume={346},
  pages={108885},
  year={2020},
  publisher={Elsevier}
}



@inproceedings{zhang2019dada,
  title={Dada: Deep adversarial data augmentation for extremely low data regime classification},
  author={Zhang, Xiaofeng and Wang, Zhangyang and Liu, Dong and Ling, Qing},
  booktitle={ICASSP 2019-2019 IEEE International Conference on Acoustics, Speech and Signal Processing (ICASSP)},
  pages={2807--2811},
  year={2019},
  organization={IEEE}
}

@inproceedings{schlogl2003outcome,
  title={Outcome of the BCI-competition 2003 on the Graz data set},
  author={Schl{\"o}gl, Alois},
  journal={Berlin, Germany: Graz University of Technology},
  year={2003}
}

%DA
%add noise
@inproceedings{wang2018data,
  title={Data augmentation for EEG-based emotion recognition with deep convolutional neural networks},
  author={Wang, Fang and Zhong, Sheng-hua and Peng, Jianfeng and Jiang, Jianmin and Liu, Yan},
  booktitle={MultiMedia Modeling: 24th International Conference, MMM 2018, Bangkok, Thailand, February 5-7, 2018, Proceedings, Part II 24},
  pages={82--93},
  year={2018},
  organization={Springer}
}
@inproceedings{parvan2019transfer,
  title={Transfer learning based motor imagery classification using convolutional neural networks},
  author={Parvan, Milad and Ghiasi, Amir Rikhtehgar and Rezaii, Tohid Yousefi and Farzamnia, Ali},
  booktitle={2019 27th Iranian Conference on Electrical Engineering (ICEE)},
  pages={1825--1828},
  year={2019},
  organization={IEEE}
}

%fourier transform surrogates

@article{schwabedal2018addressing,
  title={Addressing class imbalance in classification problems of noisy signals by using fourier transform surrogates},
  author={Schwabedal, Justus TC and Snyder, John C and Cakmak, Ayse and Nemati, Shamim and Clifford, Gari D},
  journal={arXiv preprint arXiv:1806.08675},
  year={2018}
}


%Frequency Shift 
@article{rommel2021cadda,
  title={CADDA: Class-wise automatic differentiable data augmentation for EEG signals},
  author={Rommel, C{\'e}dric and Moreau, Thomas and Paillard, Joseph and Gramfort, Alexandre},
  journal={arXiv preprint arXiv:2106.13695},
  year={2021}
}

@article{rommel2022data,
  title={Data augmentation for learning predictive models on EEG: a systematic comparison},
  author={Rommel, C{\'e}dric and Paillard, Joseph and Moreau, Thomas and Gramfort, Alexandre},
  journal={Journal of Neural Engineering},
  volume={19},
  number={6},
  pages={066020},
  year={2022},
  publisher={IOP Publishing}
}

@article{ho2020denoising,
  title={Denoising diffusion probabilistic models},
  author={Ho, Jonathan and Jain, Ajay and Abbeel, Pieter},
  journal={Advances in neural information processing systems},
  volume={33},
  pages={6840--6851},
  year={2020}
}

@inproceedings{trabucco2023effective,
  title={Effective Data Augmentation With Diffusion Models},
  author={Trabucco, Brandon and Doherty, Kyle and Gurinas, Max and Salakhutdinov, Ruslan},
  journal={arXiv preprint arXiv:2302.07944},
  year={2023}
}

@article{brunner2008bci,
  title={BCI Competition 2008--Graz data set A},
  author={Brunner, Clemens and Leeb, Robert and M{\"u}ller-Putz, Gernot and Schl{\"o}gl, Alois and Pfurtscheller, Gert},
  journal={Institute for Knowledge Discovery (Laboratory of Brain-Computer Interfaces), Graz University of Technology},
  volume={16},
  pages={1--6},
  year={2008}
}

%model
%ATCNet
@article{altaheri2022physics,
  title={Physics-informed attention temporal convolutional network for EEG-based motor imagery classification},
  author={Altaheri, Hamdi and Muhammad, Ghulam and Alsulaiman, Mansour},
  journal={IEEE Transactions on Industrial Informatics},
  volume={19},
  number={2},
  pages={2249--2258},
  year={2022},
  publisher={IEEE}
}

@article{salami2022eeg,
  title={EEG-ITNet: An explainable inception temporal convolutional network for motor imagery classification},
  author={Salami, Abbas and Andreu-Perez, Javier and Gillmeister, Helge},
  journal={IEEE Access},
  volume={10},
  pages={36672--36685},
  year={2022},
  publisher={IEEE}
}

@article{schirrmeister2017deep,
  title={Deep learning with convolutional neural networks for EEG decoding and visualization},
  author={Schirrmeister, Robin Tibor and Springenberg, Jost Tobias and Fiederer, Lukas Dominique Josef and Glasstetter, Martin and Eggensperger, Katharina and Tangermann, Michael and Hutter, Frank and Burgard, Wolfram and Ball, Tonio},
  journal={Human brain mapping},
  volume={38},
  number={11},
  pages={5391--5420},
  year={2017},
  publisher={Wiley Online Library}
}


%difff

@article{chen2020wavegrad,
  title={Wavegrad: Estimating gradients for waveform generation},
  author={Chen, Nanxin and Zhang, Yu and Zen, Heiga and Weiss, Ron J and Norouzi, Mohammad and Chan, William},
  journal={arXiv preprint arXiv:2009.00713},
  year={2020}
}

% dataset compatition 2a


% overfitting 

@inproceedings{bilbao2017overfitting,
  title={Overfitting problem and the over-training in the era of data: Particularly for Artificial Neural Networks},
  author={Bilbao, Imanol and Bilbao, Javier},
  booktitle={2017 eighth international conference on intelligent computing and information systems (ICICIS)},
  pages={173--177},
  year={2017},
  organization={IEEE}
}

% Denoising diffusion probabilistic models

%SmoothTimeMask
@inproceedings{mohsenvand2020contrastive,
  title={Contrastive representation learning for electroencephalogram classification},
  author={Mohsenvand, Mostafa Neo and Izadi, Mohammad Rasool and Maes, Pattie},
  booktitle={Machine Learning for Health},
  pages={238--253},
  year={2020},
  organization={PMLR}
}
%diff DA image

@article{akrout2023diffusion,
  title={Diffusion-based Data Augmentation for Skin Disease Classification: Impact Across Original Medical Datasets to Fully Synthetic Images},
  author={Akrout, Mohamed and Gyepesi, B{\'a}lint and Holl{\'o}, P{\'e}ter and Po{\'o}r, Adrienn and Kincs{\H{o}}, Bl{\'a}ga and Solis, Stephen and Cirone, Katrina and Kawahara, Jeremy and Slade, Dekker and Abid, Latif and others},
  journal={arXiv preprint arXiv:2301.04802},
  year={2023}
}

%score matching
@inproceedings{song2020sliced,
  title={Sliced score matching: A scalable approach to density and score estimation},
  author={Song, Yang and Garg, Sahaj and Shi, Jiaxin and Ermon, Stefano},
  booktitle={Uncertainty in Artificial Intelligence},
  pages={574--584},
  year={2020},
  organization={PMLR}
}


@inproceedings{li2018transfer,
  title={Transfer learning based motor imagery classification using convolutional neural networks},
  author={Li, Xiaoxiang and Guan, Cuntai and Liu, Chuanren and Xiang, Jie and Zhu, Zheyuan},
  journal={IEEE Transactions on Neural Systems and Rehabilitation Engineering},
  volume={26},
  number={5},
  pages={1065--1076},
  year={2018},
  publisher={IEEE}
}

@inproceedings{oord2016wavenet,
  title={WaveNet: A generative model for raw audio},
  author={Oord, Aaron van den and Dieleman, Sander and Zen, Heiga and Simonyan, Karen and Vinyals, Oriol and Graves, Alex and Kalchbrenner, Nal and Senior, Andrew and Kavukcuoglu, Koray},
  journal={arXiv preprint arXiv:1609.03499},
  year={2016}
}

@inproceedings{kalchbrenner2018wavernn,
  title={Efficient Neural Audio Synthesis},
  author={Kalchbrenner, Nal and Elsen, Erich and Simonyan, Karen and Noury, Seb and Casagrande, Nicola and Lockhart, Edward and Stimberg, Florian and van den Oord, A{\"a}ron},
  booktitle={Advances in Neural Information Processing Systems},
  pages={442--452},
  year={2018}
}



@inproceedings{GramfortEtAl2013a,
  title = {{{MEG}} and {{EEG}} Data Analysis with {{MNE}}-{{Python}}},
  author = {Gramfort, Alexandre and Luessi, Martin and Larson, Eric and Engemann, Denis A. and Strohmeier, Daniel and Brodbeck, Christian and Goj, Roman and Jas, Mainak and Brooks, Teon and Parkkonen, Lauri and H{\"a}m{\"a}l{\"a}inen, Matti S.},
  year = {2013},
  volume = {7},
  pages = {1--13},
  doi = {10.3389/fnins.2013.00267},
  journal = {Frontiers in Neuroscience},
  number = {267}
}

@inproceedings {HBM:HBM23730,
author = {Schirrmeister, Robin Tibor and Springenberg, Jost Tobias and Fiederer,
  Lukas Dominique Josef and Glasstetter, Martin and Eggensperger, Katharina and Tangermann, Michael and
  Hutter, Frank and Burgard, Wolfram and Ball, Tonio},
title = {Deep learning with convolutional neural networks for EEG decoding and visualization},
journal = {Human Brain Mapping},
issn = {1097-0193},
url = {http://dx.doi.org/10.1002/hbm.23730},
doi = {10.1002/hbm.23730},
month = {aug},
year = {2017},
keywords = {electroencephalography, EEG analysis, machine learning, end-to-end learning, brainâ€“machine interface,
  brainâ€“computer interface, model interpretability, brain mapping},
}



@inproceedings{moon2017phate,
  title={PHATE: a dimensionality reduction method for visualizing trajectory structures in high-dimensional biological data},
  author={Moon, Kevin R and van Dijk, David and Wang, Zheng and Chen, William and Hirn, Matthew J and Coifman, Ronald R and Ivanova, Natalia B and Wolf, Guy and Krishnaswamy, Smita},
  journal={BioRxiv},
  volume={120378},
  year={2017},
  publisher={Cold Spring Harbor Laboratory}
}


@article{leeb2008bci,
  title={BCI Competition 2008--Graz data set B},
  author={Leeb, R and Brunner, C and M{\"u}ller-Putz, G and Schl{\"o}gl, A and Pfurtscheller, G},
  journal={Graz University of Technology, Austria},
  pages={1--6},
  year={2008}
}

@article{terzano2001atlas,
  title={Atlas, rules, and recording techniques for the scoring of cyclic alternating pattern (CAP) in human sleep},
  author={Terzano, Mario Giovanni and Parrino, Liborio and Sherieri, Adriano and Chervin, Ronald and Chokroverty, Sudhansu and Guilleminault, Christian and Hirshkowitz, Max and Mahowald, Mark and Moldofsky, Harvey and Rosa, Agostino and others},
  journal={Sleep medicine},
  volume={2},
  number={6},
  pages={537--554},
  year={2001},
  publisher={Amsterdam; New York: Elsevier, c2000-}
}

%PCA
@inproceedings{abdi2010principal,
  title={Principal component analysis},
  author={Abdi, Herv{\'e} and Williams, Lynne J},
  journal={Wiley interdisciplinary reviews: computational statistics},
  volume={2},
  number={4},
  pages={433--459},
  year={2010},
  publisher={Wiley Online Library}
}

@incollection{wolpaw2013brain,
  title={Brain--Computer Interfaces},
  author={Wolpaw, Jonathan R},
  booktitle={Handbook of Clinical Neurology},
  volume={110},
  pages={67--74},
  year={2013},
  publisher={Elsevier}
}


@incollection{pfurtscheller1997eeg,
  title={EEG event-related desynchronization (ERD) and synchronization (ERS)},
  author={Pfurtscheller, Gert},
  journal={Electroencephalography and Clinical Neurophysiology},
  volume={1},
  number={103},
  pages={26},
  year={1997}
}

@article{hao2021comprehensive,
  title={A comprehensive study of data augmentation strategies for prostate cancer detection in diffusion-weighted MRI using convolutional neural networks},
  author={Hao, Ruqian and Namdar, Khashayar and Liu, Lin and Haider, Masoom A and Khalvati, Farzad},
  journal={Journal of Digital Imaging},
  volume={34},
  pages={862--876},
  year={2021},
  publisher={Springer}
}

@article{motamed2021data,
  title={Data augmentation using Generative Adversarial Networks (GANs) for GAN-based detection of Pneumonia and COVID-19 in chest X-ray images},
  author={Motamed, Saman and Rogalla, Patrik and Khalvati, Farzad},
  journal={Informatics in Medicine Unlocked},
  volume={27},
  pages={100779},
  year={2021},
  publisher={Elsevier}
}