@ARTICLE{lin2018novel,
  AUTHOR = {Lin, Zhimin and Zhang, Chi and Zeng, Ying and Tong, Li and Yan, Bin},
  DATE = {2018},
  JOURNALTITLE = {Scientific reports},
  NUMBER = {1},
  PAGES = {1--9},
  TITLE = {A novel P300 BCI speller based on the Triple RSVP paradigm},
  VOLUME = {8},
}

@ARTICLE{jalilpour2020novel,
  AUTHOR = {Jalilpour, Shayan and Sardouie, Sepideh Hajipour and Mijani, Amirmohammad},
  DATE = {2020},
  JOURNALTITLE = {Computer methods and programs in biomedicine},
  PAGES = {105326},
  TITLE = {A novel hybrid BCI speller based on RSVP and SSVEP paradigm},
  VOLUME = {187},
}

@ARTICLE{ang2008filter,
  AUTHOR = {Ang, Kai Keng and Chin, Zheng Yang and Zhang, Haihong and Guan, Cuntai},
  ORGANIZATION = {IEEE},
  BOOKTITLE = {2008 IEEE international joint conference on neural networks (IEEE world congress on computational intelligence)},
  DATE = {2008},
  PAGES = {2390--2397},
  TITLE = {Filter bank common spatial pattern (FBCSP) in brain-computer interface},
}

@ARTICLE{yang2015use,
  AUTHOR = {Yang, Huijuan and Sakhavi, Siavash and Ang, Kai Keng and Guan, Cuntai},
  ORGANIZATION = {IEEE},
  BOOKTITLE = {2015 37th Annual International Conference of the IEEE Engineering in Medicine and Biology Society (EMBC)},
  DATE = {2015},
  PAGES = {2620--2623},
  TITLE = {On the use of convolutional neural networks and augmented CSP features for multi-class motor imagery of EEG signals classification},
}

@ARTICLE{schalk2004bci2000,
  AUTHOR = {Schalk, Gerwin and McFarland, Dennis J and Hinterberger, Thilo and Birbaumer, Niels and Wolpaw, Jonathan R},
  DATE = {2004},
  JOURNALTITLE = {IEEE Transactions on biomedical engineering},
  NUMBER = {6},
  PAGES = {1034--1043},
  TITLE = {BCI2000: a general-purpose brain-computer interface (BCI) system},
  VOLUME = {51},
}

@ARTICLE{zhang2017enhancing,
  AUTHOR = {Zhang, Xiang and Yao, Lina and Huang, Chaoran and Sheng, Quan Z and Wang, Xianzhi},
  DATE = {2017},
  TITLE = {Enhancing Mind Controlled Smart Living Through Recurrent Neural Networks.},
}

@ARTICLE{an2016hand,
  AUTHOR = {An, Jinwon and Cho, Sungzoon},
  ORGANIZATION = {IEEE},
  BOOKTITLE = {2016 International Conference on Big Data and Smart Computing (BigComp)},
  DATE = {2016},
  PAGES = {427--429},
  TITLE = {Hand motion identification of grasp-and-lift task from electroencephalography recordings using recurrent neural networks},
}

@ARTICLE{kumar2012analysis,
  AUTHOR = {Kumar, J Satheesh and Bhuvaneswari, P},
  DATE = {2012},
  JOURNALTITLE = {Procedia engineering},
  PAGES = {2525--2536},
  TITLE = {Analysis of Electroencephalography (EEG) signals and its categorization--a study},
  VOLUME = {38},
}

@ARTICLE{lawhern2018eegnet,
  AUTHOR = {Lawhern, Vernon J and Solon, Amelia J and Waytowich, Nicholas R and Gordon, Stephen M and Hung, Chou P and Lance, Brent J},
  DATE = {2018},
  JOURNALTITLE = {Journal of Neural Engineering},
  NUMBER = {5},
  PAGES = {056013},
  TITLE = {EEGNet: A Compact Convolutional Neural Network for EEG-Based Brain--Computer Interfaces},
  VOLUME = {15},
}

@ARTICLE{popov2016classification,
  AUTHOR = {Popov, E and Fomenkov, S},
  ORGANIZATION = {IEEE},
  BOOKTITLE = {2016 2nd International Conference on Industrial Engineering, Applications and Manufacturing (ICIEAM)},
  DATE = {2016},
  PAGES = {1--4},
  TITLE = {Classification of hand motions in EEG signals using recurrent neural networks},
}

@ARTICLE{zhang2020motor,
  AUTHOR = {Zhang, Dalin and Chen, Kaixuan and Jian, Debao and Yao, Lina},
  DATE = {2020},
  JOURNALTITLE = {IEEE journal of biomedical and health informatics},
  NUMBER = {9},
  PAGES = {2570--2579},
  TITLE = {Motor imagery classification via temporal attention cues of graph embedded EEG signals},
  VOLUME = {24},
}

@ARTICLE{shorten2019survey,
  AUTHOR = {Shorten, Connor and Khoshgoftaar, Taghi M},
  DATE = {2019},
  JOURNALTITLE = {Journal of big data},
  NUMBER = {1},
  PAGES = {1--48},
  TITLE = {A survey on image data augmentation for deep learning},
  VOLUME = {6},
}

@ARTICLE{lecun1998gradient,
  AUTHOR = {LeCun, Yann and Bottou, Léon and Bengio, Yoshua and Haffner, Patrick},
  DATE = {1998},
  JOURNALTITLE = {Proceedings of the IEEE},
  NUMBER = {11},
  PAGES = {2278--2324},
  TITLE = {Gradient-based learning applied to document recognition},
  VOLUME = {86},
}

@ARTICLE{simard2003best,
  AUTHOR = {Simard, Patrice Y and Steinkraus, David and Platt, John C and others},
  ORGANIZATION = {Edinburgh},
  BOOKTITLE = {Icdar},
  DATE = {2003},
  NUMBER = {2003},
  TITLE = {Best practices for convolutional neural networks applied to visual document analysis.},
  VOLUME = {3},
}

@ARTICLE{hinton2006fast,
  AUTHOR = {Hinton, Geoffrey E and Osindero, Simon and Teh, Yee-Whye},
  DATE = {2006},
  JOURNALTITLE = {Neural computation},
  NUMBER = {7},
  PAGES = {1527--1554},
  TITLE = {A fast learning algorithm for deep belief nets},
  VOLUME = {18},
}

@ARTICLE{hinton2006reducing,
  AUTHOR = {Hinton, Geoffrey E and Salakhutdinov, Ruslan R},
  DATE = {2006},
  JOURNALTITLE = {science},
  NUMBER = {5786},
  PAGES = {504--507},
  TITLE = {Reducing the dimensionality of data with neural networks},
  VOLUME = {313},
}

@ARTICLE{krizhevsky2017imagenet,
  AUTHOR = {Krizhevsky, Alex and Sutskever, Ilya and Hinton, Geoffrey E},
  DATE = {2017},
  JOURNALTITLE = {Communications of the ACM},
  NUMBER = {6},
  PAGES = {84--90},
  TITLE = {Imagenet classification with deep convolutional neural networks},
  VOLUME = {60},
}

@ARTICLE{jaitly2013vocal,
  AUTHOR = {Jaitly, Navdeep and Hinton, Geoffrey E},
  BOOKTITLE = {Proc. ICML Workshop on Deep Learning for Audio, Speech and Language},
  DATE = {2013},
  PAGES = {21},
  TITLE = {Vocal tract length perturbation (VTLP) improves speech recognition},
  VOLUME = {117},
}

@ARTICLE{dosovitskiy2014discriminative,
  AUTHOR = {Dosovitskiy, Alexey and Springenberg, Jost Tobias and Riedmiller, Martin and Brox, Thomas},
  DATE = {2014},
  JOURNALTITLE = {Advances in neural information processing systems},
  TITLE = {Discriminative unsupervised feature learning with convolutional neural networks},
  VOLUME = {27},
}

@ARTICLE{antoniou2017data,
  AUTHOR = {Antoniou, Antreas and Storkey, Amos and Edwards, Harrison},
  DATE = {2017},
  JOURNALTITLE = {arXiv preprint arXiv:1711.04340},
  TITLE = {Data augmentation generative adversarial networks},
}

@ARTICLE{sandfort2019data,
  AUTHOR = {Sandfort, Veit and Yan, Ke and Pickhardt, Perry J and Summers, Ronald M},
  DATE = {2019},
  JOURNALTITLE = {Scientific reports},
  NUMBER = {1},
  PAGES = {1--9},
  TITLE = {Data augmentation using generative adversarial networks (CycleGAN) to improve generalizability in CT segmentation tasks},
  VOLUME = {9},
}

@ARTICLE{luo2020data,
  AUTHOR = {Luo, Yun and Zhu, Li-Zhen and Wan, Zi-Yu and Lu, Bao-Liang},
  DATE = {2020},
  JOURNALTITLE = {Journal of Neural Engineering},
  NUMBER = {5},
  PAGES = {056021},
  TITLE = {Data augmentation for enhancing EEG-based emotion recognition with deep generative models},
  VOLUME = {17},
}

@ARTICLE{zhang2018improving,
  AUTHOR = {Zhang, Qiqi and Liu, Ying},
  DATE = {2018},
  JOURNALTITLE = {arXiv preprint arXiv:1806.07108},
  TITLE = {Improving brain computer interface performance by data augmentation with conditional deep convolutional generative adversarial networks},
}

@ARTICLE{subha2010eeg,
  AUTHOR = {Subha, D Puthankattil and Joseph, Paul K and Acharya U, Rajendra and Lim, Choo Min and others},
  DATE = {2010},
  JOURNALTITLE = {Journal of medical systems},
  NUMBER = {2},
  PAGES = {195--212},
  TITLE = {EEG signal analysis: a survey},
  VOLUME = {34},
}

@ARTICLE{frantzidis2014functional,
  AUTHOR = {Frantzidis, Christos A and Vivas, Ana B and Tsolaki, Anthoula and Klados, Manousos A and Tsolaki, Magda and Bamidis, Panagiotis D},
  DATE = {2014},
  JOURNALTITLE = {Frontiers in aging neuroscience},
  PAGES = {224},
  TITLE = {Functional disorganization of small-world brain networks in mild Alzheimer's Disease and amnestic Mild Cognitive Impairment: an EEG study using Relative Wavelet Entropy (RWE)},
  VOLUME = {6},
}

@ARTICLE{kang2009composite,
  AUTHOR = {Kang, Hyohyeong and Nam, Yunjun and Choi, Seungjin},
  DATE = {2009},
  JOURNALTITLE = {IEEE Signal Processing Letters},
  NUMBER = {8},
  PAGES = {683--686},
  TITLE = {Composite common spatial pattern for subject-to-subject transfer},
  VOLUME = {16},
}

@ARTICLE{dose2018end,
  AUTHOR = {Dose, Hauke and M{ø}ller, Jakob S and Iversen, Helle K and Puthusserypady, Sadasivan},
  DATE = {2018},
  JOURNALTITLE = {Expert Systems with Applications},
  PAGES = {532--542},
  TITLE = {An end-to-end deep learning approach to MI-EEG signal classification for BCIs},
  VOLUME = {114},
}

@ARTICLE{lin2017improving,
  AUTHOR = {Lin, Yuan-Pin and Jung, Tzyy-Ping},
  DATE = {2017},
  JOURNALTITLE = {Frontiers in human neuroscience},
  PAGES = {334},
  TITLE = {Improving EEG-based emotion classification using conditional transfer learning},
  VOLUME = {11},
}

@ARTICLE{shaw1984correlation,
  AUTHOR = {Shaw, John C},
  DATE = {1984},
  JOURNALTITLE = {International journal of psychophysiology},
  NUMBER = {3},
  PAGES = {255--266},
  TITLE = {Correlation and coherence analysis of the EEG: a selective tutorial review},
  VOLUME = {1},
}

@ARTICLE{azab2020dynamic,
  AUTHOR = {Azab, Ahmed M and Ahmadi, Hamed and Mihaylova, Lyudmila and Arvaneh, Mahnaz},
  DATE = {2020},
  JOURNALTITLE = {Journal of neural engineering},
  NUMBER = {1},
  PAGES = {016061},
  TITLE = {Dynamic time warping-based transfer learning for improving common spatial patterns in brain--computer interface},
  VOLUME = {17},
}

@ARTICLE{phan2019deep,
  AUTHOR = {Phan, Huy and Chén, Oliver Y and Koch, Philipp and Mertins, Alfred and De Vos, Maarten},
  ORGANIZATION = {IEEE},
  BOOKTITLE = {2019 27th European Signal Processing Conference (EUSIPCO)},
  DATE = {2019},
  PAGES = {1--5},
  TITLE = {Deep transfer learning for single-channel automatic sleep staging with channel mismatch},
}

@ARTICLE{lotte2018review,
  AUTHOR = {Lotte, Fabien and Bougrain, Laurent and Cichocki, Andrzej and Clerc, Maureen and Congedo, Marco and Rakotomamonjy, Alain and Yger, Florian},
  DATE = {2018},
  JOURNALTITLE = {Journal of neural engineering},
  NUMBER = {3},
  PAGES = {031005},
  TITLE = {A review of classification algorithms for EEG-based brain--computer interfaces: a 10 year update},
  VOLUME = {15},
}

@ARTICLE{wan2021review,
  AUTHOR = {Wan, Zitong and Yang, Rui and Huang, Mengjie and Zeng, Nianyin and Liu, Xiaohui},
  DATE = {2021},
  JOURNALTITLE = {Neurocomputing},
  PAGES = {1--14},
  TITLE = {A review on transfer learning in EEG signal analysis},
  VOLUME = {421},
}

@ARTICLE{dai2019domain,
  AUTHOR = {Dai, Mengxi and Wang, Shuai and Zheng, Dezhi and Na, Rui and Zhang, Shuailei},
  DATE = {2019},
  JOURNALTITLE = {IEEE Access},
  PAGES = {49951--49960},
  TITLE = {Domain transfer multiple kernel boosting for classification of EEG motor imagery signals},
  VOLUME = {7},
}

@ARTICLE{joadder2019performance,
  AUTHOR = {Joadder, Md A Mannan and Myszewski, Joshua J and Rahman, Mohammad H and Wang, Inga},
  DATE = {2019},
  JOURNALTITLE = {Health information science and systems},
  NUMBER = {1},
  PAGES = {1--10},
  TITLE = {A performance based feature selection technique for subject independent MI based BCI},
  VOLUME = {7},
}

@ARTICLE{li2019multisource,
  AUTHOR = {Li, Jinpeng and Qiu, Shuang and Shen, Yuan-Yuan and Liu, Cheng-Lin and He, Huiguang},
  DATE = {2019},
  JOURNALTITLE = {IEEE transactions on cybernetics},
  NUMBER = {7},
  PAGES = {3281--3293},
  TITLE = {Multisource transfer learning for cross-subject EEG emotion recognition},
  VOLUME = {50},
}

@ARTICLE{ramadan2017brain,
  AUTHOR = {Ramadan, Rabie A and Vasilakos, Athanasios V},
  DATE = {2017},
  JOURNALTITLE = {Neurocomputing},
  PAGES = {26--44},
  TITLE = {Brain computer interface: control signals review},
  VOLUME = {223},
}

@ARTICLE{delisle2017adaptive,
  AUTHOR = {Delisle-Rodriguez, Denis and Villa-Parra, Ana Cecilia and Bastos-Filho, Teodiano and López-Delis, Alberto and Frizera-Neto, Anselmo and Krishnan, Sridhar and Rocon, Eduardo},
  DATE = {2017},
  JOURNALTITLE = {Sensors},
  NUMBER = {12},
  PAGES = {2725},
  TITLE = {Adaptive spatial filter based on similarity indices to preserve the neural information on eeg signals during on-line processing},
  VOLUME = {17},
}

@ARTICLE{hasan2019hybrid,
  AUTHOR = {Hasan, Md Junayed and Kim, Jong-Myon},
  DATE = {2019},
  JOURNALTITLE = {Brain sciences},
  NUMBER = {12},
  PAGES = {376},
  TITLE = {A hybrid feature pool-based emotional stress state detection algorithm using EEG signals},
  VOLUME = {9},
}

@ARTICLE{abu2019co,
  AUTHOR = {Abu-Rmileh, Amjad and Zakkay, Eyal and Shmuelof, Lior and Shriki, Oren},
  DATE = {2019},
  JOURNALTITLE = {Frontiers in Human Neuroscience},
  PAGES = {362},
  TITLE = {Co-adaptive training improves efficacy of a multi-day EEG-based motor imagery BCI training},
  VOLUME = {13},
}

@ARTICLE{zhang2016lmd,
  AUTHOR = {Zhang, Tao and Chen, Wanzhong},
  DATE = {2016},
  JOURNALTITLE = {IEEE Transactions on Neural Systems and Rehabilitation Engineering},
  NUMBER = {8},
  PAGES = {1100--1108},
  TITLE = {LMD based features for the automatic seizure detection of EEG signals using SVM},
  VOLUME = {25},
}

@ARTICLE{navarro2016riemannian,
  AUTHOR = {Navarro-Sune, Xavier and Hudson, AL and Fallani, F De Vico and Martinerie, Jacques and Witon, Adrien and Pouget, Pierre and Raux, Mathieu and Similowski, Thomas and Chavez, Mario},
  DATE = {2016},
  JOURNALTITLE = {IEEE Transactions on Biomedical Engineering},
  NUMBER = {5},
  PAGES = {1138--1148},
  TITLE = {Riemannian geometry applied to detection of respiratory states from eeg signals: The basis for a brain--ventilator interface},
  VOLUME = {64},
}

@ARTICLE{dai2019eeg,
  AUTHOR = {Dai, Mengxi and Zheng, Dezhi and Na, Rui and Wang, Shuai and Zhang, Shuailei},
  DATE = {2019},
  JOURNALTITLE = {Sensors},
  NUMBER = {3},
  PAGES = {551},
  TITLE = {EEG classification of motor imagery using a novel deep learning framework},
  VOLUME = {19},
}

@ARTICLE{du2019experimental,
  AUTHOR = {Du, Danbing},
  DATE = {2019},
  JOURNALTITLE = {International Journal of Emerging Technologies in Learning},
  NUMBER = {12},
  TITLE = {Experimental Study on Neural Feedback in Embedded System Teaching Processing Based on ERP Signal Analysis.},
  VOLUME = {14},
}

@ARTICLE{weiss2016survey,
  AUTHOR = {Weiss, Karl and Khoshgoftaar, Taghi M and Wang, DingDing},
  DATE = {2016},
  JOURNALTITLE = {Journal of Big data},
  NUMBER = {1},
  PAGES = {1--40},
  TITLE = {A survey of transfer learning},
  VOLUME = {3},
}

@ARTICLE{wu2019parallel,
  AUTHOR = {Wu, Hao and Niu, Yi and Li, Fu and Li, Yuchen and Fu, Boxun and Shi, Guangming and Dong, Minghao},
  DATE = {2019},
  JOURNALTITLE = {Frontiers in neuroscience},
  PAGES = {1275},
  TITLE = {A parallel multiscale filter bank convolutional neural networks for motor imagery EEG classification},
  VOLUME = {13},
}

@ARTICLE{liu2017survey,
  AUTHOR = {Liu, Weibo and Wang, Zidong and Liu, Xiaohui and Zeng, Nianyin and Liu, Yurong and Alsaadi, Fuad E},
  DATE = {2017},
  JOURNALTITLE = {Neurocomputing},
  PAGES = {11--26},
  TITLE = {A survey of deep neural network architectures and their applications},
  VOLUME = {234},
}

@ARTICLE{blankertz2007optimizing,
  AUTHOR = {Blankertz, Benjamin and Tomioka, Ryota and Lemm, Steven and Kawanabe, Motoaki and Muller, Klaus-Robert},
  DATE = {2007},
  JOURNALTITLE = {IEEE Signal processing magazine},
  NUMBER = {1},
  PAGES = {41--56},
  TITLE = {Optimizing spatial filters for robust EEG single-trial analysis},
  VOLUME = {25},
}

@ARTICLE{nejedly2019intracerebral,
  AUTHOR = {Nejedly, Petr and Cimbalnik, Jan and Klimes, Petr and Plesinger, Filip and Halamek, Josef and Kremen, Vaclav and Viscor, Ivo and Brinkmann, Benjamin H and Pail, Martin and Brazdil, Milan and others},
  DATE = {2019},
  JOURNALTITLE = {Neuroinformatics},
  NUMBER = {2},
  PAGES = {225--234},
  TITLE = {Intracerebral EEG artifact identification using convolutional neural networks},
  VOLUME = {17},
}

@ARTICLE{daoud2019efficient,
  AUTHOR = {Daoud, Hisham and Bayoumi, Magdy A},
  DATE = {2019},
  JOURNALTITLE = {IEEE transactions on biomedical circuits and systems},
  NUMBER = {5},
  PAGES = {804--813},
  TITLE = {Efficient epileptic seizure prediction based on deep learning},
  VOLUME = {13},
}

@ARTICLE{yosinski2014transferable,
  AUTHOR = {Yosinski, Jason and Clune, Jeff and Bengio, Yoshua and Lipson, Hod},
  DATE = {2014},
  JOURNALTITLE = {Advances in neural information processing systems},
  TITLE = {How transferable are features in deep neural networks?},
  VOLUME = {27},
}

@ARTICLE{raghu2020eeg,
  AUTHOR = {Raghu, Shivarudhrappa and Sriraam, Natarajan and Temel, Yasin and Rao, Shyam Vasudeva and Kubben, Pieter L},
  DATE = {2020},
  JOURNALTITLE = {Neural Networks},
  PAGES = {202--212},
  TITLE = {EEG based multi-class seizure type classification using convolutional neural network and transfer learning},
  VOLUME = {124},
}

@ARTICLE{jin2017eeg,
  AUTHOR = {Jin, Yi-Ming and Luo, Yu-Dong and Zheng, Wei-Long and Lu, Bao-Liang},
  ORGANIZATION = {IEEE},
  BOOKTITLE = {2017 international conference on orange technologies (ICOT)},
  DATE = {2017},
  PAGES = {222--225},
  TITLE = {EEG-based emotion recognition using domain adaptation network},
}

@ARTICLE{zhang2017eeg,
  AUTHOR = {Zhang, Xing-Zan and Zheng, Wei-Long and Lu, Bao-Liang},
  ORGANIZATION = {Springer},
  BOOKTITLE = {International Conference on Neural Information Processing},
  DATE = {2017},
  PAGES = {543--552},
  TITLE = {EEG-based sleep quality evaluation with deep transfer learning},
}

@ARTICLE{tan2018deep,
  AUTHOR = {Tan, Chuanqi and Sun, Fuchun and Zhang, Wenchang},
  ORGANIZATION = {IEEE},
  BOOKTITLE = {2018 IEEE international conference on acoustics, speech and signal processing (ICASSP)},
  DATE = {2018},
  PAGES = {916--920},
  TITLE = {Deep transfer learning for EEG-based brain computer interface},
}

@ARTICLE{xie2018generalized,
  AUTHOR = {Xie, Lixiao and Deng, Zhaohong and Xu, Peng and Choi, Kup-Sze and Wang, Shitong},
  DATE = {2018},
  JOURNALTITLE = {IEEE transactions on cybernetics},
  NUMBER = {6},
  PAGES = {2200--2214},
  TITLE = {Generalized hidden-mapping transductive transfer learning for recognition of epileptic electroencephalogram signals},
  VOLUME = {49},
}

@ARTICLE{svanera2019transfer,
  AUTHOR = {Svanera, Michele and Savardi, Mattia and Benini, Sergio and Signoroni, Alberto and Raz, Gal and Hendler, Talma and Muckli, Lars and Goebel, Rainer and Valente, Giancarlo},
  DATE = {2019},
  JOURNALTITLE = {Journal of Neuroscience Methods},
  PAGES = {108319},
  TITLE = {Transfer learning of deep neural network representations for fMRI decoding},
  VOLUME = {328},
}

@ARTICLE{zhang2019cross,
  AUTHOR = {Zhang, Weiwei and Wang, Fei and Jiang, Yang and Xu, Zongfeng and Wu, Shichao and Zhang, Yahui},
  ORGANIZATION = {Springer},
  BOOKTITLE = {International conference on intelligent robotics and applications},
  DATE = {2019},
  PAGES = {558--570},
  TITLE = {Cross-subject EEG-based emotion recognition with deep domain confusion},
}

@ARTICLE{goodfellow2020generative,
  AUTHOR = {Goodfellow, Ian and Pouget-Abadie, Jean and Mirza, Mehdi and Xu, Bing and Warde-Farley, David and Ozair, Sherjil and Courville, Aaron and Bengio, Yoshua},
  DATE = {2020},
  JOURNALTITLE = {Communications of the ACM},
  NUMBER = {11},
  PAGES = {139--144},
  TITLE = {Generative adversarial networks},
  VOLUME = {63},
}

@ARTICLE{ma2019reducing,
  AUTHOR = {Ma, Bo-Qun and Li, He and Zheng, Wei-Long and Lu, Bao-Liang},
  ORGANIZATION = {Springer},
  BOOKTITLE = {International Conference on Neural Information Processing},
  DATE = {2019},
  PAGES = {30--42},
  TITLE = {Reducing the subject variability of eeg signals with adversarial domain generalization},
}

@ARTICLE{ozdenizci2020learning,
  AUTHOR = {Özdenizci, Ozan and Wang, Ye and Koike-Akino, Toshiaki and Erdoğmuş, Deniz},
  DATE = {2020},
  JOURNALTITLE = {IEEE access},
  PAGES = {27074--27085},
  TITLE = {Learning invariant representations from EEG via adversarial inference},
  VOLUME = {8},
}

@ARTICLE{li2019domain,
  AUTHOR = {Li, Jinpeng and Qiu, Shuang and Du, Changde and Wang, Yixin and He, Huiguang},
  DATE = {2019},
  JOURNALTITLE = {IEEE Transactions on Cognitive and Developmental Systems},
  NUMBER = {2},
  PAGES = {344--353},
  TITLE = {Domain adaptation for EEG emotion recognition based on latent representation similarity},
  VOLUME = {12},
}

@ARTICLE{ming2019subject,
  AUTHOR = {Ming, Yurui and Ding, Weiping and Pelusi, Danilo and Wu, Dongrui and Wang, Yu-Kai and Prasad, Mukesh and Lin, Chin-Teng},
  DATE = {2019},
  JOURNALTITLE = {Applied Soft Computing},
  PAGES = {105689},
  TITLE = {Subject adaptation network for EEG data analysis},
  VOLUME = {84},
}

@ARTICLE{tang2020conditional,
  AUTHOR = {Tang, Xingliang and Zhang, Xianrui},
  DATE = {2020},
  JOURNALTITLE = {Entropy},
  NUMBER = {1},
  PAGES = {96},
  TITLE = {Conditional adversarial domain adaptation neural network for motor imagery EEG decoding},
  VOLUME = {22},
}

@ARTICLE{physiobank,
  AUTHOR = {Goldberger, Ary L and Amaral, Luis AN and Glass, Leon and Hausdorff, Jeffrey M and Ivanov, Plamen Ch and Mark, Roger G and Mietus, Joseph E and Moody, George B and Peng, Chung-Kang and Stanley, H Eugene},
  DATE = {2000},
  JOURNALTITLE = {circulation},
  NUMBER = {23},
  PAGES = {e215--e220},
  TITLE = {PhysioBank, PhysioToolkit, and PhysioNet: components of a new research resource for complex physiologic signals},
  VOLUME = {101},
}

@ARTICLE{bci2000,
  AUTHOR = {Schalk, Gerwin and McFarland, Dennis J and Hinterberger, Thilo and Birbaumer, Niels and Wolpaw, Jonathan R},
  DATE = {2004},
  JOURNALTITLE = {IEEE Transactions on biomedical engineering},
  NUMBER = {6},
  PAGES = {1034--1043},
  TITLE = {BCI2000: a general-purpose brain-computer interface (BCI) system},
  VOLUME = {51},
}

@ARTICLE{GramfortEtAl2013a,
  AUTHOR = {Gramfort, Alexandre and Luessi, Martin and Larson, Eric and Engemann, Denis A. and Strohmeier, Daniel and Brodbeck, Christian and Goj, Roman and Jas, Mainak and Brooks, Teon and Parkkonen, Lauri and Hämäläinen, Matti S.},
  DATE = {2013},
  DOI = {10.3389/fnins.2013.00267},
  JOURNALTITLE = {Frontiers in Neuroscience},
  NUMBER = {267},
  PAGES = {1--13},
  TITLE = {{{MEG}} and {{EEG}} Data Analysis with {{MNE}}-{{Python}}},
  VOLUME = {7},
}

@ARTICLE{pan2009survey,
  AUTHOR = {Pan, Sinno Jialin and Yang, Qiang},
  DATE = {2009},
  JOURNALTITLE = {IEEE Transactions on knowledge and data engineering},
  NUMBER = {10},
  PAGES = {1345--1359},
  TITLE = {A survey on transfer learning},
  VOLUME = {22},
}

@ARTICLE{kang2014bayesian,
  AUTHOR = {Kang, Hyohyeong and Choi, Seungjin},
  DATE = {2014},
  JOURNALTITLE = {Neural Networks},
  PAGES = {39--50},
  TITLE = {Bayesian common spatial patterns for multi-subject EEG classification},
  VOLUME = {57},
}

@ARTICLE{azab2019weighted,
  AUTHOR = {Azab, Ahmed M and Mihaylova, Lyudmila and Ang, Kai Keng and Arvaneh, Mahnaz},
  DATE = {2019},
  JOURNALTITLE = {IEEE Transactions on Neural Systems and Rehabilitation Engineering},
  NUMBER = {7},
  PAGES = {1352--1359},
  TITLE = {Weighted transfer learning for improving motor imagery-based brain--computer interface},
  VOLUME = {27},
}

@ARTICLE{yildirim2018arrhythmia,
  AUTHOR = {Y{ı}ld{ı}r{ı}m, Özal and P{ł}awiak, Pawe{ł} and Tan, Ru-San and Acharya, U Rajendra},
  DATE = {2018},
  JOURNALTITLE = {Computers in biology and medicine},
  PAGES = {411--420},
  TITLE = {Arrhythmia detection using deep convolutional neural network with long duration ECG signals},
  VOLUME = {102},
}

@ARTICLE{petrantonakis2009emotion,
  AUTHOR = {Petrantonakis, Panagiotis C and Hadjileontiadis, Leontios J},
  DATE = {2009},
  JOURNALTITLE = {IEEE Transactions on information Technology in Biomedicine},
  NUMBER = {2},
  PAGES = {186--197},
  TITLE = {Emotion recognition from EEG using higher order crossings},
  VOLUME = {14},
}

@ARTICLE{kannathal2005entropies,
  AUTHOR = {Kannathal, N and Choo, Min Lim and Acharya, U Rajendra and Sadasivan, PK},
  DATE = {2005},
  JOURNALTITLE = {Computer methods and programs in biomedicine},
  NUMBER = {3},
  PAGES = {187--194},
  TITLE = {Entropies for detection of epilepsy in EEG},
  VOLUME = {80},
}

@ARTICLE{oh2019deep,
  AUTHOR = {Oh, Shu Lih and Vicnesh, Jahmunah and Ciaccio, Edward J and Yuvaraj, Rajamanickam and Acharya, U Rajendra},
  DATE = {2019},
  JOURNALTITLE = {Applied Sciences},
  NUMBER = {14},
  PAGES = {2870},
  TITLE = {Deep convolutional neural network model for automated diagnosis of schizophrenia using EEG signals},
  VOLUME = {9},
}

@ARTICLE{gianotti2018theta,
  AUTHOR = {Gianotti, Lorena RR and Lobmaier, Janek S and Calluso, Cinzia and Dahinden, Franziska M and Knoch, Daria},
  DATE = {2018},
  JOURNALTITLE = {Social cognitive and affective neuroscience},
  NUMBER = {2},
  PAGES = {216--223},
  TITLE = {Theta resting EEG in TPJ/pSTS is associated with individual differences in the feeling of being looked at},
  VOLUME = {13},
}

@ARTICLE{croitoru2022diffusion,
  AUTHOR = {Croitoru, Florinel-Alin and Hondru, Vlad and Ionescu, Radu Tudor and Shah, Mubarak},
  DATE = {2022},
  JOURNALTITLE = {arXiv preprint arXiv:2209.04747},
  TITLE = {Diffusion models in vision: A survey},
}

@ARTICLE{lun2020simplified,
  AUTHOR = {Lun, Xiangmin and Yu, Zhenglin and Chen, Tao and Wang, Fang and Hou, Yimin},
  DATE = {2020},
  JOURNALTITLE = {Frontiers in Human Neuroscience},
  PAGES = {338},
  TITLE = {A simplified CNN classification method for MI-EEG via the electrode pairs signals},
}

@ARTICLE{riyad2020incep,
  AUTHOR = {Riyad, Mouad and Khalil, Mohammed and Adib, Abdellah},
  ORGANIZATION = {Springer},
  BOOKTITLE = {International Conference on Image and Signal Processing},
  DATE = {2020},
  PAGES = {103--111},
  TITLE = {Incep-EEGNet: a convnet for motor imagery decoding},
}

@ARTICLE{roots2020fusion,
  AUTHOR = {Roots, Karel and Muhammad, Yar and Muhammad, Naveed},
  DATE = {2020},
  JOURNALTITLE = {Computers},
  NUMBER = {3},
  PAGES = {72},
  TITLE = {Fusion convolutional neural network for cross-subject EEG motor imagery classification},
  VOLUME = {9},
}

@ARTICLE{liu2020parallel,
  AUTHOR = {Liu, Xiuling and Shen, Yonglong and Liu, Jing and Yang, Jianli and Xiong, Peng and Lin, Feng},
  DATE = {2020},
  JOURNALTITLE = {Frontiers in neuroscience},
  PAGES = {1157},
  TITLE = {Parallel spatial--temporal self-attention CNN-based motor imagery classification for BCI},
}

@ARTICLE{sakhavi2018learning,
  AUTHOR = {Sakhavi, Siavash and Guan, Cuntai and Yan, Shuicheng},
  DATE = {2018},
  JOURNALTITLE = {IEEE transactions on neural networks and learning systems},
  NUMBER = {11},
  PAGES = {5619--5629},
  TITLE = {Learning temporal information for brain-computer interface using convolutional neural networks},
  VOLUME = {29},
}

@ARTICLE{li2019channel,
  AUTHOR = {Li, Yang and Zhang, Xian-Rui and Zhang, Bin and Lei, Meng-Ying and Cui, Wei-Gang and Guo, Yu-Zhu},
  DATE = {2019},
  JOURNALTITLE = {IEEE Transactions on Neural Systems and Rehabilitation Engineering},
  NUMBER = {6},
  PAGES = {1170--1180},
  TITLE = {A channel-projection mixed-scale convolutional neural network for motor imagery EEG decoding},
  VOLUME = {27},
}

@ARTICLE{li2019densely,
  AUTHOR = {Li, Donglin and Wang, Jianhui and Xu, Jiacan and Fang, Xiaoke},
  DATE = {2019},
  JOURNALTITLE = {IEEE Access},
  PAGES = {132720--132730},
  TITLE = {Densely feature fusion based on convolutional neural networks for motor imagery EEG classification},
  VOLUME = {7},
}

@ARTICLE{zhang2019novel,
  AUTHOR = {Zhang, Zhiwen and Duan, Feng and Sole-Casals, Jordi and Dinares-Ferran, Josep and Cichocki, Andrzej and Yang, Zhenglu and Sun, Zhe},
  DATE = {2019},
  JOURNALTITLE = {IEEE Access},
  PAGES = {15945--15954},
  TITLE = {A novel deep learning approach with data augmentation to classify motor imagery signals},
  VOLUME = {7},
}

@ARTICLE{altaheri2021deep,
  AUTHOR = {Altaheri, Hamdi and Muhammad, Ghulam and Alsulaiman, Mansour and Amin, Syed Umar and Altuwaijri, Ghadir Ali and Abdul, Wadood and Bencherif, Mohamed A and Faisal, Mohammed},
  DATE = {2021},
  JOURNALTITLE = {Neural Computing and Applications},
  PAGES = {1--42},
  TITLE = {Deep learning techniques for classification of electroencephalogram (EEG) motor imagery (MI) signals: a review},
}

@ARTICLE{padfield2019eeg,
  AUTHOR = {Padfield, Natasha and Zabalza, Jaime and Zhao, Huimin and Masero, Valentin and Ren, Jinchang},
  DATE = {2019},
  JOURNALTITLE = {Sensors},
  NUMBER = {6},
  PAGES = {1423},
  TITLE = {EEG-based brain-computer interfaces using motor-imagery: Techniques and challenges},
  VOLUME = {19},
}

@ARTICLE{al2021deep,
  AUTHOR = {Al-Saegh, Ali and Dawwd, Shefa A and Abdul-Jabbar, Jassim M},
  DATE = {2021},
  JOURNALTITLE = {Biomedical Signal Processing and Control},
  PAGES = {102172},
  TITLE = {Deep learning for motor imagery EEG-based classification: A review},
  VOLUME = {63},
}

@ARTICLE{lin2020single,
  AUTHOR = {Lin, Guang and Zhang, Jianhai and Liu, Yuxi},
  DATE = {2020},
  JOURNALTITLE = {arXiv preprint arXiv:2011.01710},
  TITLE = {Single Shot Reversible GAN for BCG artifact removal in simultaneous EEG-fMRI},
}

@ARTICLE{zhu2019separated,
  AUTHOR = {Zhu, Xuyang and Li, Peiyang and Li, Cunbo and Yao, Dezhong and Zhang, Rui and Xu, Peng},
  DATE = {2019},
  JOURNALTITLE = {Biomedical Signal Processing and Control},
  PAGES = {396--403},
  TITLE = {Separated channel convolutional neural network to realize the training free motor imagery BCI systems},
  VOLUME = {49},
}

@ARTICLE{mattioli20221d,
  AUTHOR = {Mattioli, F and Porcaro, C and Baldassarre, G},
  DATE = {2022},
  JOURNALTITLE = {Journal of Neural Engineering},
  NUMBER = {6},
  PAGES = {066053},
  TITLE = {A 1D CNN for high accuracy classification and transfer learning in motor imagery EEG-based brain-computer interface},
  VOLUME = {18},
}

@ARTICLE{tayeb2019validating,
  AUTHOR = {Tayeb, Zied and Fedjaev, Juri and Ghaboosi, Nejla and Richter, Christoph and Everding, Lukas and Qu, Xingwei and Wu, Yingyu and Cheng, Gordon and Conradt, Jörg},
  DATE = {2019},
  JOURNALTITLE = {Sensors},
  NUMBER = {1},
  PAGES = {210},
  TITLE = {Validating deep neural networks for online decoding of motor imagery movements from EEG signals},
  VOLUME = {19},
}

@ARTICLE{karacsony2019brain,
  AUTHOR = {Karácsony, Tamás and Hansen, John Paulin and Iversen, Helle Klingenberg and Puthusserypady, Sadasivan},
  BOOKTITLE = {Proceedings of the 10th Augmented Human International Conference 2019},
  DATE = {2019},
  PAGES = {1--8},
  TITLE = {Brain computer interface for neuro-rehabilitation with deep learning classification and virtual reality feedback},
}

@ARTICLE{benzy2020motor,
  AUTHOR = {Benzy, VK and Vinod, AP and Subasree, R and Alladi, Suvarna and Raghavendra, K},
  DATE = {2020},
  JOURNALTITLE = {IEEE Transactions on Neural Systems and Rehabilitation Engineering},
  NUMBER = {12},
  PAGES = {3051--3062},
  TITLE = {Motor imagery hand movement direction decoding using brain computer interface to aid stroke recovery and rehabilitation},
  VOLUME = {28},
}

@ARTICLE{lashgari2020data,
  AUTHOR = {Lashgari, Elnaz and Liang, Dehua and Maoz, Uri},
  DATE = {2020},
  JOURNALTITLE = {Journal of Neuroscience Methods},
  PAGES = {108885},
  TITLE = {Data augmentation for deep-learning-based electroencephalography},
  VOLUME = {346},
}

@ARTICLE{zhang2019dada,
  AUTHOR = {Zhang, Xiaofeng and Wang, Zhangyang and Liu, Dong and Ling, Qing},
  ORGANIZATION = {IEEE},
  BOOKTITLE = {ICASSP 2019-2019 IEEE International Conference on Acoustics, Speech and Signal Processing (ICASSP)},
  DATE = {2019},
  PAGES = {2807--2811},
  TITLE = {Dada: Deep adversarial data augmentation for extremely low data regime classification},
}

@ARTICLE{schlogl2003outcome,
  AUTHOR = {Schlögl, Alois},
  DATE = {2003},
  JOURNALTITLE = {Berlin, Germany: Graz University of Technology},
  TITLE = {Outcome of the BCI-competition 2003 on the Graz data set},
}

@ARTICLE{wang2018data,
  AUTHOR = {Wang, Fang and Zhong, Sheng-hua and Peng, Jianfeng and Jiang, Jianmin and Liu, Yan},
  ORGANIZATION = {Springer},
  BOOKTITLE = {MultiMedia Modeling: 24th International Conference, MMM 2018, Bangkok, Thailand, February 5-7, 2018, Proceedings, Part II 24},
  DATE = {2018},
  PAGES = {82--93},
  TITLE = {Data augmentation for EEG-based emotion recognition with deep convolutional neural networks},
}

@ARTICLE{parvan2019transfer,
  AUTHOR = {Parvan, Milad and Ghiasi, Amir Rikhtehgar and Rezaii, Tohid Yousefi and Farzamnia, Ali},
  ORGANIZATION = {IEEE},
  BOOKTITLE = {2019 27th Iranian Conference on Electrical Engineering (ICEE)},
  DATE = {2019},
  PAGES = {1825--1828},
  TITLE = {Transfer learning based motor imagery classification using convolutional neural networks},
}

@ARTICLE{schwabedal2018addressing,
  AUTHOR = {Schwabedal, Justus TC and Snyder, John C and Cakmak, Ayse and Nemati, Shamim and Clifford, Gari D},
  DATE = {2018},
  JOURNALTITLE = {arXiv preprint arXiv:1806.08675},
  TITLE = {Addressing class imbalance in classification problems of noisy signals by using fourier transform surrogates},
}

@ARTICLE{rommel2021cadda,
  AUTHOR = {Rommel, Cédric and Moreau, Thomas and Paillard, Joseph and Gramfort, Alexandre},
  DATE = {2021},
  JOURNALTITLE = {arXiv preprint arXiv:2106.13695},
  TITLE = {CADDA: Class-wise automatic differentiable data augmentation for EEG signals},
}

@ARTICLE{rommel2022data,
  AUTHOR = {Rommel, Cédric and Paillard, Joseph and Moreau, Thomas and Gramfort, Alexandre},
  DATE = {2022},
  JOURNALTITLE = {Journal of Neural Engineering},
  NUMBER = {6},
  PAGES = {066020},
  TITLE = {Data augmentation for learning predictive models on EEG: a systematic comparison},
  VOLUME = {19},
}

@ARTICLE{ho2020denoising,
  AUTHOR = {Ho, Jonathan and Jain, Ajay and Abbeel, Pieter},
  DATE = {2020},
  JOURNALTITLE = {Advances in neural information processing systems},
  PAGES = {6840--6851},
  TITLE = {Denoising diffusion probabilistic models},
  VOLUME = {33},
}

@ARTICLE{trabucco2023effective,
  AUTHOR = {Trabucco, Brandon and Doherty, Kyle and Gurinas, Max and Salakhutdinov, Ruslan},
  DATE = {2023},
  JOURNALTITLE = {arXiv preprint arXiv:2302.07944},
  TITLE = {Effective Data Augmentation With Diffusion Models},
}

@ARTICLE{brunner2008bci,
  AUTHOR = {Brunner, Clemens and Leeb, Robert and Müller-Putz, Gernot and Schlögl, Alois and Pfurtscheller, Gert},
  DATE = {2008},
  JOURNALTITLE = {Institute for Knowledge Discovery (Laboratory of Brain-Computer Interfaces), Graz University of Technology},
  PAGES = {1--6},
  TITLE = {BCI Competition 2008--Graz data set A},
  VOLUME = {16},
}

@ARTICLE{altaheri2022physics,
  AUTHOR = {Altaheri, Hamdi and Muhammad, Ghulam and Alsulaiman, Mansour},
  DATE = {2022},
  JOURNALTITLE = {IEEE Transactions on Industrial Informatics},
  NUMBER = {2},
  PAGES = {2249--2258},
  TITLE = {Physics-informed attention temporal convolutional network for EEG-based motor imagery classification},
  VOLUME = {19},
}

@ARTICLE{salami2022eeg,
  AUTHOR = {Salami, Abbas and Andreu-Perez, Javier and Gillmeister, Helge},
  DATE = {2022},
  JOURNALTITLE = {IEEE Access},
  PAGES = {36672--36685},
  TITLE = {EEG-ITNet: An explainable inception temporal convolutional network for motor imagery classification},
  VOLUME = {10},
}

@ARTICLE{schirrmeister2017deep,
  AUTHOR = {Schirrmeister, Robin Tibor and Springenberg, Jost Tobias and Fiederer, Lukas Dominique Josef and Glasstetter, Martin and Eggensperger, Katharina and Tangermann, Michael and Hutter, Frank and Burgard, Wolfram and Ball, Tonio},
  DATE = {2017},
  JOURNALTITLE = {Human brain mapping},
  NUMBER = {11},
  PAGES = {5391--5420},
  TITLE = {Deep learning with convolutional neural networks for EEG decoding and visualization},
  VOLUME = {38},
}

@ARTICLE{chen2020wavegrad,
  AUTHOR = {Chen, Nanxin and Zhang, Yu and Zen, Heiga and Weiss, Ron J and Norouzi, Mohammad and Chan, William},
  DATE = {2020},
  JOURNALTITLE = {arXiv preprint arXiv:2009.00713},
  TITLE = {Wavegrad: Estimating gradients for waveform generation},
}

@ARTICLE{bilbao2017overfitting,
  AUTHOR = {Bilbao, Imanol and Bilbao, Javier},
  ORGANIZATION = {IEEE},
  BOOKTITLE = {2017 eighth international conference on intelligent computing and information systems (ICICIS)},
  DATE = {2017},
  PAGES = {173--177},
  TITLE = {Overfitting problem and the over-training in the era of data: Particularly for Artificial Neural Networks},
}

@ARTICLE{mohsenvand2020contrastive,
  AUTHOR = {Mohsenvand, Mostafa Neo and Izadi, Mohammad Rasool and Maes, Pattie},
  ORGANIZATION = {PMLR},
  BOOKTITLE = {Machine Learning for Health},
  DATE = {2020},
  PAGES = {238--253},
  TITLE = {Contrastive representation learning for electroencephalogram classification},
}

@ARTICLE{akrout2023diffusion,
  AUTHOR = {Akrout, Mohamed and Gyepesi, Bálint and Holló, Péter and Poór, Adrienn and Kincső, Blága and Solis, Stephen and Cirone, Katrina and Kawahara, Jeremy and Slade, Dekker and Abid, Latif and others},
  DATE = {2023},
  JOURNALTITLE = {arXiv preprint arXiv:2301.04802},
  TITLE = {Diffusion-based Data Augmentation for Skin Disease Classification: Impact Across Original Medical Datasets to Fully Synthetic Images},
}

@ARTICLE{song2020sliced,
  AUTHOR = {Song, Yang and Garg, Sahaj and Shi, Jiaxin and Ermon, Stefano},
  ORGANIZATION = {PMLR},
  BOOKTITLE = {Uncertainty in Artificial Intelligence},
  DATE = {2020},
  PAGES = {574--584},
  TITLE = {Sliced score matching: A scalable approach to density and score estimation},
}

@ARTICLE{li2018transfer,
  AUTHOR = {Li, Xiaoxiang and Guan, Cuntai and Liu, Chuanren and Xiang, Jie and Zhu, Zheyuan},
  DATE = {2018},
  JOURNALTITLE = {IEEE Transactions on Neural Systems and Rehabilitation Engineering},
  NUMBER = {5},
  PAGES = {1065--1076},
  TITLE = {Transfer learning based motor imagery classification using convolutional neural networks},
  VOLUME = {26},
}

@ARTICLE{oord2016wavenet,
  AUTHOR = {Oord, Aaron van den and Dieleman, Sander and Zen, Heiga and Simonyan, Karen and Vinyals, Oriol and Graves, Alex and Kalchbrenner, Nal and Senior, Andrew and Kavukcuoglu, Koray},
  DATE = {2016},
  JOURNALTITLE = {arXiv preprint arXiv:1609.03499},
  TITLE = {WaveNet: A generative model for raw audio},
}

@ARTICLE{kalchbrenner2018wavernn,
  AUTHOR = {Kalchbrenner, Nal and Elsen, Erich and Simonyan, Karen and Noury, Seb and Casagrande, Nicola and Lockhart, Edward and Stimberg, Florian and van den Oord, Aäron},
  BOOKTITLE = {Advances in Neural Information Processing Systems},
  DATE = {2018},
  PAGES = {442--452},
  TITLE = {Efficient Neural Audio Synthesis},
}

@ARTICLE{HBM:HBM23730,
  AUTHOR = {Schirrmeister, Robin Tibor and Springenberg, Jost Tobias and Fiederer, Lukas Dominique Josef and Glasstetter, Martin and Eggensperger, Katharina and Tangermann, Michael and Hutter, Frank and Burgard, Wolfram and Ball, Tonio},
  URL = {http://dx.doi.org/10.1002/hbm.23730},
  DATE = {2017-08},
  DOI = {10.1002/hbm.23730},
  ISSN = {1097-0193},
  JOURNALTITLE = {Human Brain Mapping},
  KEYWORDS = {electroencephalography,EEG analysis,machine learning,end-to-end learning,brain–machine interface,brain–computer interface,model interpretability,brain mapping},
  TITLE = {Deep learning with convolutional neural networks for EEG decoding and visualization},
}

@ARTICLE{moon2017phate,
  AUTHOR = {Moon, Kevin R and van Dijk, David and Wang, Zheng and Chen, William and Hirn, Matthew J and Coifman, Ronald R and Ivanova, Natalia B and Wolf, Guy and Krishnaswamy, Smita},
  DATE = {2017},
  JOURNALTITLE = {BioRxiv},
  TITLE = {PHATE: a dimensionality reduction method for visualizing trajectory structures in high-dimensional biological data},
  VOLUME = {120378},
}

@ARTICLE{leeb2008bci,
  AUTHOR = {Leeb, R and Brunner, C and Müller-Putz, G and Schlögl, A and Pfurtscheller, G},
  DATE = {2008},
  JOURNALTITLE = {Graz University of Technology, Austria},
  PAGES = {1--6},
  TITLE = {BCI Competition 2008--Graz data set B},
}

@ARTICLE{terzano2001atlas,
  AUTHOR = {Terzano, Mario Giovanni and Parrino, Liborio and Sherieri, Adriano and Chervin, Ronald and Chokroverty, Sudhansu and Guilleminault, Christian and Hirshkowitz, Max and Mahowald, Mark and Moldofsky, Harvey and Rosa, Agostino and others},
  DATE = {2001},
  JOURNALTITLE = {Sleep medicine},
  NUMBER = {6},
  PAGES = {537--554},
  TITLE = {Atlas, rules, and recording techniques for the scoring of cyclic alternating pattern (CAP) in human sleep},
  VOLUME = {2},
}

@ARTICLE{abdi2010principal,
  AUTHOR = {Abdi, Hervé and Williams, Lynne J},
  DATE = {2010},
  JOURNALTITLE = {Wiley interdisciplinary reviews: computational statistics},
  NUMBER = {4},
  PAGES = {433--459},
  TITLE = {Principal component analysis},
  VOLUME = {2},
}

@INCOLLECTION{wolpaw2013brain,
  AUTHOR = {Wolpaw, Jonathan R},
  BOOKTITLE = {Handbook of Clinical Neurology},
  DATE = {2013},
  PAGES = {67--74},
  TITLE = {Brain--Computer Interfaces},
  VOLUME = {110},
}

@INCOLLECTION{pfurtscheller1997eeg,
  AUTHOR = {Pfurtscheller, Gert},
  DATE = {1997},
  JOURNALTITLE = {Electroencephalography and Clinical Neurophysiology},
  NUMBER = {103},
  PAGES = {26},
  TITLE = {EEG event-related desynchronization (ERD) and synchronization (ERS)},
  VOLUME = {1},
}

@ARTICLE{hao2021comprehensive,
  AUTHOR = {Hao, Ruqian and Namdar, Khashayar and Liu, Lin and Haider, Masoom A and Khalvati, Farzad},
  DATE = {2021},
  JOURNALTITLE = {Journal of Digital Imaging},
  PAGES = {862--876},
  TITLE = {A comprehensive study of data augmentation strategies for prostate cancer detection in diffusion-weighted MRI using convolutional neural networks},
  VOLUME = {34},
}

@ARTICLE{motamed2021data,
  AUTHOR = {Motamed, Saman and Rogalla, Patrik and Khalvati, Farzad},
  DATE = {2021},
  JOURNALTITLE = {Informatics in Medicine Unlocked},
  PAGES = {100779},
  TITLE = {Data augmentation using Generative Adversarial Networks (GANs) for GAN-based detection of Pneumonia and COVID-19 in chest X-ray images},
  VOLUME = {27},
}

